<?xml version="1.0" encoding="UTF-8"?>
<!DOCTYPE html PUBLIC "-//W3C//DTD XHTML 1.0 Transitional//EN"
    "http://www.w3.org/TR/xhtml1/DTD/xhtml1-transitional.dtd">
<html xmlns="http://www.w3.org/1999/xhtml" xml:lang="en" lang="en">
 <head>
  <title>
</title>
<meta http-equiv="Content-Type" content="text/html;charset=utf-8" />
  <meta name='ocr-system' content='tesseract 3.04.00' />
  <meta name='ocr-capabilities' content='ocr_page ocr_carea ocr_par ocr_line ocrx_word'/>
</head>
<body>
  <div class='ocr_page' id='page_1' title='image "./sermonesiiacade00gaubgoog_0016.png"; bbox 0 0 653 1114; ppageno 0'>
   <div class='ocr_carea' id='block_1_1' title="bbox 52 84 608 175">
    <p class='ocr_par' dir='ltr' id='par_1_1' title="bbox 52 84 608 175">
     <span class='ocr_line' id='line_1_1' title="bbox 199 84 607 114; baseline 0.01 -8"><span class='ocrx_word' id='word_1_1' title='bbox 199 85 221 106; x_wconf 73' lang='lat' dir='ltr'><em>A</em></span> <span class='ocrx_word' id='word_1_2' title='bbox 236 84 255 107; x_wconf 86' lang='lat' dir='ltr'><strong><em>C</em></strong></span> <span class='ocrx_word' id='word_1_3' title='bbox 265 85 286 106; x_wconf 81' lang='lat' dir='ltr'><em>A</em></span> <span class='ocrx_word' id='word_1_4' title='bbox 299 85 323 107; x_wconf 92' lang='lat' dir='ltr'><em>D</em></span> <span class='ocrx_word' id='word_1_5' title='bbox 337 84 359 107; x_wconf 76' lang='lat' dir='ltr'><em>E</em></span> <span class='ocrx_word' id='word_1_6' title='bbox 370 85 407 107; x_wconf 87' lang='lat' dir='ltr'><em>M</em></span> <span class='ocrx_word' id='word_1_7' title='bbox 420 86 433 107; x_wconf 88' lang='grc' dir='ltr'><strong><em>Ῑ</em></strong></span> <span class='ocrx_word' id='word_1_8' title='bbox 445 85 464 108; x_wconf 91' lang='lat' dir='ltr'><strong><em>C</em></strong></span> <span class='ocrx_word' id='word_1_9' title='bbox 480 87 500 109; x_wconf 87' lang='lat' dir='ltr'><em>U</em></span> <span class='ocrx_word' id='word_1_10' title='bbox 510 87 531 109; x_wconf 88' lang='lat' dir='ltr'>S.</span> <span class='ocrx_word' id='word_1_11' title='bbox 591 92 607 114; x_wconf 81' lang='lat'><em>9</em></span> 
     </span>
     <span class='ocr_line' id='line_1_2' title="bbox 52 137 608 175; baseline 0.002 -15"><span class='ocrx_word' id='word_1_12' title='bbox 52 152 55 175; x_wconf 63' lang='lat'>¹,</span> <span class='ocrx_word' id='word_1_13' title='bbox 123 137 193 160; x_wconf 84' lang='lat' dir='ltr'>clusus</span> <span class='ocrx_word' id='word_1_14' title='bbox 202 137 440 168; x_wconf 82' lang='lat' dir='ltr'>detentusqueAnimus</span> <span class='ocrx_word' id='word_1_15' title='bbox 449 139 522 161; x_wconf 87' lang='lat' dir='ltr'>servile</span> <span class='ocrx_word' id='word_1_16' title='bbox 531 141 608 168; x_wconf 82' lang='lat' dir='ltr'>jugum</span> 
     </span>
    </p>
   </div>
   <div class='ocr_carea' id='block_1_2' title="bbox 122 167 610 422">
    <p class='ocr_par' dir='ltr' id='par_1_2' title="bbox 122 167 610 422">
     <span class='ocr_line' id='line_1_3' title="bbox 122 167 608 196; baseline 0.004 -8"><span class='ocrx_word' id='word_1_17' title='bbox 122 167 190 189; x_wconf 82' lang='lat' dir='ltr'>invite</span> <span class='ocrx_word' id='word_1_18' title='bbox 200 167 313 196; x_wconf 64' lang='lat' dir='ltr'>coasteque</span> <span class='ocrx_word' id='word_1_19' title='bbox 322 167 383 190; x_wconf 68' lang='lat' dir='ltr'>ferat-</span> <span class='ocrx_word' id='word_1_20' title='bbox 407 168 488 191; x_wconf 87' lang='lat' dir='ltr'>Verum</span> <span class='ocrx_word' id='word_1_21' title='bbox 500 175 541 190; x_wconf 82' lang='lat' dir='ltr'>nae</span> <span class='ocrx_word' id='word_1_22' title='bbox 550 168 573 190; x_wconf 87' lang='lat' dir='ltr'>hi</span> <span class='ocrx_word' id='word_1_23' title='bbox 583 167 608 190; x_wconf 86' lang='lat' dir='ltr'>fi-</span> 
     </span>
     <span class='ocr_line' id='line_1_4' title="bbox 122 194 608 225; baseline 0.002 -8"><span class='ocrx_word' id='word_1_24' title='bbox 122 195 145 217; x_wconf 87' lang='lat' dir='ltr'>bi</span> <span class='ocrx_word' id='word_1_25' title='bbox 157 202 233 224; x_wconf 86' lang='lat' dir='ltr'>parum</span> <span class='ocrx_word' id='word_1_26' title='bbox 246 195 322 218; x_wconf 82' lang='lat' dir='ltr'>conscii</span> <span class='ocrx_word' id='word_1_27' title='bbox 334 194 397 223; x_wconf 78' lang='lat' dir='ltr'>sunt,</span> <span class='ocrx_word' id='word_1_28' title='bbox 415 197 466 225; x_wconf 90' lang='lat' dir='ltr'>quid</span> <span class='ocrx_word' id='word_1_29' title='bbox 479 196 515 218; x_wconf 73' lang='lat' dir='ltr'>sua</span> <span class='ocrx_word' id='word_1_30' title='bbox 527 198 550 218; x_wconf 87' lang='lat' dir='ltr'>in</span> <span class='ocrx_word' id='word_1_31' title='bbox 558 197 608 219; x_wconf 86' lang='lat' dir='ltr'>Cor-</span> 
     </span>
     <span class='ocr_line' id='line_1_5' title="bbox 122 224 608 254; baseline 0.002 -8"><span class='ocrx_word' id='word_1_32' title='bbox 122 231 174 253; x_wconf 82' lang='lat' dir='ltr'>pore</span> <span class='ocrx_word' id='word_1_33' title='bbox 192 224 305 247; x_wconf 80' lang='lat' dir='ltr'>voluntate</span> <span class='ocrx_word' id='word_1_34' title='bbox 324 224 409 247; x_wconf 85' lang='lat' dir='ltr'>efficere</span> <span class='ocrx_word' id='word_1_35' title='bbox 424 225 514 247; x_wconf 83' lang='lat' dir='ltr'>Animus</span> <span class='ocrx_word' id='word_1_36' title='bbox 529 224 608 254; x_wconf 66' lang='lat' dir='ltr'>pollitz</span> 
     </span>
     <span class='ocr_line' id='line_1_6' title="bbox 123 252 608 281; baseline 0.002 -7"><span class='ocrx_word' id='word_1_37' title='bbox 123 259 164 274; x_wconf 85' lang='lat' dir='ltr'>nec</span> <span class='ocrx_word' id='word_1_38' title='bbox 178 260 243 281; x_wconf 81' lang='lat' dir='ltr'>quam</span> <span class='ocrx_word' id='word_1_39' title='bbox 257 252 400 275; x_wconf 81' lang='lat' dir='ltr'>vehementer</span> <span class='ocrx_word' id='word_1_40' title='bbox 411 253 465 275; x_wconf 80' lang='lat' dir='ltr'>iliud</span> <span class='ocrx_word' id='word_1_41' title='bbox 480 257 552 280; x_wconf 80' lang='lat' dir='ltr'>amet,</span> <span class='ocrx_word' id='word_1_42' title='bbox 571 256 608 276; x_wconf 81' lang='lat' dir='ltr'>aut</span> 
     </span>
     <span class='ocr_line' id='line_1_7' title="bbox 123 280 609 311; baseline 0.002 -8"><span class='ocrx_word' id='word_1_43' title='bbox 123 285 203 310; x_wconf 73' lang='lat' dir='ltr'>quanta</span> <span class='ocrx_word' id='word_1_44' title='bbox 214 280 237 303; x_wconf 90' lang='lat' dir='ltr'>id</span> <span class='ocrx_word' id='word_1_45' title='bbox 251 280 383 304; x_wconf 83' lang='lat' dir='ltr'>solicitudine</span> <span class='ocrx_word' id='word_1_46' title='bbox 395 286 466 309; x_wconf 79' lang='lat' dir='ltr'>curet,</span> <span class='ocrx_word' id='word_1_47' title='bbox 482 285 577 311; x_wconf 77' lang='lat' dir='ltr'>quotque</span> <span class='ocrx_word' id='word_1_48' title='bbox 587 283 609 304; x_wconf 62' lang='grc' dir='ltr'>ὃς</span> 
     </span>
     <span class='ocr_line' id='line_1_8' title="bbox 122 310 608 338; baseline 0 -6"><span class='ocrx_word' id='word_1_49' title='bbox 122 317 188 337; x_wconf 83' lang='lat' dir='ltr'>quam</span> <span class='ocrx_word' id='word_1_50' title='bbox 197 311 282 338; x_wconf 82' lang='lat' dir='ltr'>magnis</span> <span class='ocrx_word' id='word_1_51' title='bbox 291 310 317 332; x_wconf 83' lang='lat' dir='ltr'>ab</span> <span class='ocrx_word' id='word_1_52' title='bbox 327 317 354 332; x_wconf 85' lang='lat' dir='ltr'>eo</span> <span class='ocrx_word' id='word_1_53' title='bbox 362 310 450 332; x_wconf 86' lang='lat' dir='ltr'>vicissim</span> <span class='ocrx_word' id='word_1_54' title='bbox 462 310 608 336; x_wconf 81' lang='lat' dir='ltr'>adminiculis,</span> 
     </span>
     <span class='ocr_line' id='line_1_9' title="bbox 123 337 608 368; baseline 0.002 -8"><span class='ocrx_word' id='word_1_55' title='bbox 123 339 144 360; x_wconf 73' lang='lat' dir='ltr'>St</span> <span class='ocrx_word' id='word_1_56' title='bbox 157 337 244 365; x_wconf 82' lang='lat' dir='ltr'>officiis,</span> <span class='ocrx_word' id='word_1_57' title='bbox 260 340 280 361; x_wconf 71' lang='grc' dir='ltr'>δε</span> <span class='ocrx_word' id='word_1_58' title='bbox 292 340 426 361; x_wconf 78' lang='lat' dir='ltr'>ornamentis</span> <span class='ocrx_word' id='word_1_59' title='bbox 435 355 442 366; x_wconf 97' lang='lat'>,</span> <span class='ocrx_word' id='word_1_60' title='bbox 457 339 534 368; x_wconf 87' lang='lat' dir='ltr'>quibus</span> <span class='ocrx_word' id='word_1_61' title='bbox 548 338 608 361; x_wconf 84' lang='lat' dir='ltr'>aliter</span> 
     </span>
     <span class='ocr_line' id='line_1_10' title="bbox 123 367 610 395; baseline 0.004 -7"><span class='ocrx_word' id='word_1_62' title='bbox 123 368 240 395; x_wconf 78' lang='lat' dir='ltr'>aegerrime</span> <span class='ocrx_word' id='word_1_63' title='bbox 252 371 344 394; x_wconf 82' lang='lat' dir='ltr'>careret,</span> <span class='ocrx_word' id='word_1_64' title='bbox 363 368 501 390; x_wconf 82' lang='lat' dir='ltr'>continenter</span> <span class='ocrx_word' id='word_1_65' title='bbox 514 367 610 390; x_wconf 76' lang='lat' dir='ltr'>cumule-</span> 
     </span>
     <span class='ocr_line' id='line_1_11' title="bbox 122 394 322 422; baseline 0.005 -5"><span class='ocrx_word' id='word_1_66' title='bbox 122 398 167 422; x_wconf 80' lang='lat' dir='ltr'>tur,</span> <span class='ocrx_word' id='word_1_67' title='bbox 181 394 322 418; x_wconf 85' lang='lat' dir='ltr'>confiderant.</span> 
     </span>
    </p>
   </div>
   <div class='ocr_carea' id='block_1_3' title="bbox 40 236 56 460">
    <p class='ocr_par' dir='ltr' id='par_1_3' title="bbox 40 236 56 460">
     <span class='ocr_line' id='line_1_12' title="bbox 40 236 56 460; baseline 0 -49"><span class='ocrx_word' id='word_1_68' title='bbox 40 236 56 460; x_wconf 95' lang='lat' dir='ltr'>    </span> 
     </span>
    </p>
   </div>
   <div class='ocr_carea' id='block_1_4' title="bbox 49 375 52 415">
    <p class='ocr_par' dir='ltr' id='par_1_4' title="bbox 49 375 52 415">
     <span class='ocr_line' id='line_1_13' title="bbox 49 375 52 415; baseline 0 0"><span class='ocrx_word' id='word_1_69' title='bbox 49 375 52 415; x_wconf 69' lang='grc' dir='ltr'><em>ἓ</em></span> 
     </span>
    </p>
   </div>
   <div class='ocr_carea' id='block_1_5' title="bbox 39 452 610 991">
    <p class='ocr_par' dir='ltr' id='par_1_5' title="bbox 41 452 610 539">
     <span class='ocr_line' id='line_1_14' title="bbox 150 452 610 482; baseline 0 -7"><span class='ocrx_word' id='word_1_70' title='bbox 150 452 208 475; x_wconf 86' lang='lat' dir='ltr'>Sunt</span> <span class='ocrx_word' id='word_1_71' title='bbox 220 454 300 480; x_wconf 78' lang='lat' dir='ltr'>etiam,</span> <span class='ocrx_word' id='word_1_72' title='bbox 321 453 399 482; x_wconf 84' lang='lat' dir='ltr'>quibus</span> <span class='ocrx_word' id='word_1_73' title='bbox 417 452 510 476; x_wconf 83' lang='lat' dir='ltr'>Officina</span> <span class='ocrx_word' id='word_1_74' title='bbox 525 453 610 481; x_wconf 80' lang='lat' dir='ltr'>Corpus</span> 
     </span>
     <span class='ocr_line' id='line_1_15' title="bbox 41 479 610 510; baseline 0 -7"><span class='ocrx_word' id='word_1_75' title='bbox 41 488 46 502; x_wconf 75' lang='grc' dir='ltr'><strong><em>ι</em></strong></span> <span class='ocrx_word' id='word_1_76' title='bbox 122 479 153 503; x_wconf 85' lang='lat' dir='ltr'>est</span> <span class='ocrx_word' id='word_1_77' title='bbox 162 497 168 508; x_wconf 85' lang='lat'><em>‚</em></span> <span class='ocrx_word' id='word_1_78' title='bbox 183 481 296 510; x_wconf 68' lang='lat' dir='ltr'>multiplici</span> <span class='ocrx_word' id='word_1_79' title='bbox 307 488 439 503; x_wconf 64' lang='lat' dir='ltr'>orffannrum</span> <span class='ocrx_word' id='word_1_80' title='bbox 454 481 532 503; x_wconf 66' lang='lat' dir='ltr'>affabre</span> <span class='ocrx_word' id='word_1_81' title='bbox 545 481 610 503; x_wconf 71' lang='lat' dir='ltr'>facto.</span> 
     </span>
     <span class='ocr_line' id='line_1_16' title="bbox 121 499 610 539; baseline 0 -7"><span class='ocrx_word' id='word_1_82' title='bbox 121 517 171 532; x_wconf 86' lang='lat' dir='ltr'>rum</span> <span class='ocrx_word' id='word_1_83' title='bbox 182 514 284 539; x_wconf 77' lang='lat' dir='ltr'>apparatu</span> <span class='ocrx_word' id='word_1_84' title='bbox 297 499 411 537; x_wconf 57' lang='lat' dir='ltr'>inffi‘uchu</span> <span class='ocrx_word' id='word_1_85' title='bbox 430 509 531 539; x_wconf 79' lang='lat' dir='ltr'>Magister</span> <span class='ocrx_word' id='word_1_86' title='bbox 543 509 610 532; x_wconf 80' lang='lat' dir='ltr'>offici-</span> 
     </span>
    </p>

    <p class='ocr_par' dir='ltr' id='par_1_6' title="bbox 121 538 609 568">
     <span class='ocr_line' id='line_1_17' title="bbox 121 538 609 568; baseline 0 -8"><span class='ocrx_word' id='word_1_87' title='bbox 121 545 164 560; x_wconf 84' lang='lat' dir='ltr'>nae</span> <span class='ocrx_word' id='word_1_88' title='bbox 174 540 270 565; x_wconf 84' lang='lat' dir='ltr'>animus,</span> <span class='ocrx_word' id='word_1_89' title='bbox 286 539 387 568; x_wconf 80' lang='lat' dir='ltr'>idemque</span> <span class='ocrx_word' id='word_1_90' title='bbox 400 538 545 565; x_wconf 72' lang='lat' dir='ltr'>Architec&#39;irus,</span> <span class='ocrx_word' id='word_1_91' title='bbox 562 541 586 560; x_wconf 89' lang='lat' dir='ltr'>ut</span> <span class='ocrx_word' id='word_1_92' title='bbox 596 546 609 560; x_wconf 79' lang='lat' dir='ltr'><strong>a</strong></span> 
     </span>
    </p>

    <p class='ocr_par' dir='ltr' id='par_1_7' title="bbox 121 566 609 625">
     <span class='ocr_line' id='line_1_18' title="bbox 122 566 608 596; baseline 0 -7"><span class='ocrx_word' id='word_1_93' title='bbox 122 573 166 595; x_wconf 87' lang='lat' dir='ltr'>quo</span> <span class='ocrx_word' id='word_1_94' title='bbox 180 567 263 596; x_wconf 85' lang='lat' dir='ltr'>Corpus</span> <span class='ocrx_word' id='word_1_95' title='bbox 280 566 404 589; x_wconf 83' lang='lat' dir='ltr'>universum</span> <span class='ocrx_word' id='word_1_96' title='bbox 417 566 524 589; x_wconf 78' lang='lat' dir='ltr'>efformari</span> <span class='ocrx_word' id='word_1_97' title='bbox 533 582 539 594; x_wconf 88' lang='lat'>‚</span> <span class='ocrx_word' id='word_1_98' title='bbox 556 573 608 589; x_wconf 87' lang='lat' dir='ltr'>cun-</span> 
     </span>
     <span class='ocr_line' id='line_1_19' title="bbox 121 595 609 625; baseline -0.002 -7"><span class='ocrx_word' id='word_1_99' title='bbox 121 595 205 625; x_wconf 63' lang='lat' dir='ltr'>erasque</span> <span class='ocrx_word' id='word_1_100' title='bbox 218 597 264 623; x_wconf 86' lang='lat' dir='ltr'>ejus</span> <span class='ocrx_word' id='word_1_101' title='bbox 276 599 347 625; x_wconf 76' lang='lat' dir='ltr'>partes</span> <span class='ocrx_word' id='word_1_102' title='bbox 358 596 383 618; x_wconf 86' lang='lat' dir='ltr'>in</span> <span class='ocrx_word' id='word_1_103' title='bbox 392 599 476 618; x_wconf 84' lang='lat' dir='ltr'>motum</span> <span class='ocrx_word' id='word_1_104' title='bbox 489 596 538 617; x_wconf 84' lang='lat' dir='ltr'>cieri</span> <span class='ocrx_word' id='word_1_105' title='bbox 548 599 609 618; x_wconf 79' lang='lat' dir='ltr'>autu-</span> 
     </span>
    </p>

    <p class='ocr_par' dir='ltr' id='par_1_8' title="bbox 39 623 609 825">
     <span class='ocr_line' id='line_1_20' title="bbox 47 623 608 652; baseline 0 -6"><span class='ocrx_word' id='word_1_106' title='bbox 47 630 49 641; x_wconf 69' lang='lat'><em>*</em></span> <span class='ocrx_word' id='word_1_107' title='bbox 121 627 195 647; x_wconf 84' lang='lat' dir='ltr'>mant:</span> <span class='ocrx_word' id='word_1_108' title='bbox 212 631 282 646; x_wconf 83' lang='lat' dir='ltr'>carere</span> <span class='ocrx_word' id='word_1_109' title='bbox 293 625 353 646; x_wconf 85' lang='lat' dir='ltr'>enirn</span> <span class='ocrx_word' id='word_1_110' title='bbox 364 625 425 645; x_wconf 87' lang='lat' dir='ltr'>omni</span> <span class='ocrx_word' id='word_1_111' title='bbox 436 623 519 652; x_wconf 83' lang='lat' dir='ltr'>prorsus</span> <span class='ocrx_word' id='word_1_112' title='bbox 529 623 608 652; x_wconf 80' lang='lat' dir='ltr'>agendi</span> 
     </span>
     <span class='ocr_line' id='line_1_21' title="bbox 39 648 608 683; baseline -0.004 -7"><span class='ocrx_word' id='word_1_113' title='bbox 39 648 50 678; x_wconf 64' lang='grc' dir='ltr'>,Ῑῖ</span> <span class='ocrx_word' id='word_1_114' title='bbox 121 652 235 680; x_wconf 72' lang='lat' dir='ltr'>faculmte,</span> <span class='ocrx_word' id='word_1_115' title='bbox 250 656 314 683; x_wconf 77' lang='lat' dir='ltr'>atque</span> <span class='ocrx_word' id='word_1_116' title='bbox 325 660 354 675; x_wconf 82' lang='lat' dir='ltr'>ex</span> <span class='ocrx_word' id='word_1_117' title='bbox 368 652 388 675; x_wconf 85' lang='lat' dir='ltr'>se</span> <span class='ocrx_word' id='word_1_118' title='bbox 402 653 495 675; x_wconf 80' lang='lat' dir='ltr'>inertem</span> <span class='ocrx_word' id='word_1_119' title='bbox 507 651 548 675; x_wconf 79' lang='lat' dir='ltr'>effe</span> <span class='ocrx_word' id='word_1_120' title='bbox 563 659 608 675; x_wconf 84' lang='lat' dir='ltr'>cor-</span> 
     </span>
     <span class='ocr_line' id='line_1_22' title="bbox 39 681 608 711; baseline 0 -8"><span class='ocrx_word' id='word_1_121' title='bbox 39 687 40 690; x_wconf 76' lang='grc'>’</span> <span class='ocrx_word' id='word_1_122' title='bbox 121 689 210 711; x_wconf 76' lang='grc' dir='ltr'>Ροιεῑιιῃ</span> <span class='ocrx_word' id='word_1_123' title='bbox 220 681 300 703; x_wconf 85' lang='lat' dir='ltr'>molem</span> <span class='ocrx_word' id='word_1_124' title='bbox 307 698 313 708; x_wconf 89' lang='lat'><strong><em>‚</em></strong></span> <span class='ocrx_word' id='word_1_125' title='bbox 325 684 386 703; x_wconf 78' lang='lat' dir='ltr'>muta</span> <span class='ocrx_word' id='word_1_126' title='bbox 396 683 442 708; x_wconf 85' lang='lat' dir='ltr'>ejus</span> <span class='ocrx_word' id='word_1_127' title='bbox 453 681 608 707; x_wconf 78' lang='lat' dir='ltr'>instrumenta,</span> 
     </span>
     <span class='ocr_line' id='line_1_23' title="bbox 120 708 608 738; baseline -0.002 -6"><span class='ocrx_word' id='word_1_128' title='bbox 120 710 161 732; x_wconf 85' lang='lat' dir='ltr'>nifi</span> <span class='ocrx_word' id='word_1_129' title='bbox 173 710 242 732; x_wconf 75' lang='lat' dir='ltr'>aliena</span> <span class='ocrx_word' id='word_1_130' title='bbox 256 711 277 731; x_wconf 89' lang='lat' dir='ltr'>vi</span> <span class='ocrx_word' id='word_1_131' title='bbox 285 711 406 738; x_wconf 81' lang='lat' dir='ltr'>agitentur,</span> <span class='ocrx_word' id='word_1_132' title='bbox 420 709 456 731; x_wconf 84' lang='lat' dir='ltr'>sua</span> <span class='ocrx_word' id='word_1_133' title='bbox 466 709 542 738; x_wconf 85' lang='lat' dir='ltr'>sponte</span> <span class='ocrx_word' id='word_1_134' title='bbox 553 708 608 731; x_wconf 84' lang='lat' dir='ltr'>nihil</span> 
     </span>
     <span class='ocr_line' id='line_1_24' title="bbox 120 738 608 768; baseline -0.002 -7"><span class='ocrx_word' id='word_1_135' title='bbox 120 738 221 766; x_wconf 74' lang='lat' dir='ltr'>efficere;</span> <span class='ocrx_word' id='word_1_136' title='bbox 240 739 339 761; x_wconf 86' lang='lat' dir='ltr'>omnium</span> <span class='ocrx_word' id='word_1_137' title='bbox 351 739 424 768; x_wconf 81' lang='lat' dir='ltr'>itaque</span> <span class='ocrx_word' id='word_1_138' title='bbox 436 738 544 760; x_wconf 67' lang='lat' dir='ltr'>astionum</span> <span class='ocrx_word' id='word_1_139' title='bbox 557 738 608 760; x_wconf 84' lang='lat' dir='ltr'>Cur-</span> 
     </span>
     <span class='ocr_line' id='line_1_25' title="bbox 136 768 608 795; baseline -0.002 -6"><span class='ocrx_word' id='word_1_140' title='bbox 136 769 178 789; x_wconf 88' lang='lat' dir='ltr'>oris</span> <span class='ocrx_word' id='word_1_141' title='bbox 191 768 302 794; x_wconf 77' lang='lat' dir='ltr'>Humani,</span> <span class='ocrx_word' id='word_1_142' title='bbox 323 768 387 789; x_wconf 81' lang='lat' dir='ltr'>etiam</span> <span class='ocrx_word' id='word_1_143' title='bbox 401 774 475 789; x_wconf 79' lang='lat' dir='ltr'>earum</span> <span class='ocrx_word' id='word_1_144' title='bbox 484 783 490 793; x_wconf 79' lang='lat'><strong>‚</strong></span> <span class='ocrx_word' id='word_1_145' title='bbox 505 773 558 795; x_wconf 74' lang='lat' dir='ltr'>quas</span> <span class='ocrx_word' id='word_1_146' title='bbox 570 773 608 788; x_wconf 84' lang='lat' dir='ltr'>vu-</span> 
     </span>
     <span class='ocr_line' id='line_1_26' title="bbox 120 775 609 825; baseline -0.002 -7"><span class='ocrx_word' id='word_1_147' title='bbox 120 775 204 819; x_wconf 50' lang='lat' dir='ltr'>fumare</span> <span class='ocrx_word' id='word_1_148' title='bbox 213 796 259 825; x_wconf 84' lang='lat' dir='ltr'>regi</span> <span class='ocrx_word' id='word_1_149' title='bbox 269 802 315 817; x_wconf 92' lang='lat' dir='ltr'>non</span> <span class='ocrx_word' id='word_1_150' title='bbox 322 794 426 817; x_wconf 82' lang='lat' dir='ltr'>sentimus</span> <span class='ocrx_word' id='word_1_151' title='bbox 433 811 440 823; x_wconf 88' lang='lat'><strong>‚</strong></span> <span class='ocrx_word' id='word_1_152' title='bbox 450 796 540 817; x_wconf 79' lang='lat' dir='ltr'>unicum</span> <span class='ocrx_word' id='word_1_153' title='bbox 549 798 609 817; x_wconf 79' lang='lat' dir='ltr'>nuto-</span> 
     </span>
    </p>

    <p class='ocr_par' dir='ltr' id='par_1_9' title="bbox 89 823 609 991">
     <span class='ocr_line' id='line_1_27' title="bbox 89 823 608 852; baseline -0.006 -4"><span class='ocrx_word' id='word_1_154' title='bbox 89 826 92 829; x_wconf 90' lang='lat'>&#39;</span> <span class='ocrx_word' id='word_1_155' title='bbox 120 833 166 848; x_wconf 86' lang='lat' dir='ltr'>rem</span> <span class='ocrx_word' id='word_1_156' title='bbox 173 825 276 847; x_wconf 78' lang='lat' dir='ltr'>Animum</span> <span class='ocrx_word' id='word_1_157' title='bbox 284 823 336 851; x_wconf 79' lang='lat' dir='ltr'>esse,</span> <span class='ocrx_word' id='word_1_158' title='bbox 347 825 381 846; x_wconf 86' lang='lat' dir='ltr'>cui</span> <span class='ocrx_word' id='word_1_159' title='bbox 388 823 436 850; x_wconf 83' lang='lat' dir='ltr'>soli,</span> <span class='ocrx_word' id='word_1_160' title='bbox 448 827 552 852; x_wconf 75' lang='lat' dir='ltr'>tanquam</span> <span class='ocrx_word' id='word_1_161' title='bbox 557 825 608 846; x_wconf 75' lang='lat' dir='ltr'>Deo</span> 
     </span>
     <span class='ocr_line' id='line_1_28' title="bbox 119 852 608 879; baseline -0.006 -3"><span class='ocrx_word' id='word_1_162' title='bbox 119 855 144 876; x_wconf 87' lang='lat' dir='ltr'>in</span> <span class='ocrx_word' id='word_1_163' title='bbox 163 853 202 875; x_wconf 82' lang='lat' dir='ltr'>hac</span> <span class='ocrx_word' id='word_1_164' title='bbox 220 852 318 874; x_wconf 78' lang='lat' dir='ltr'>machina</span> <span class='ocrx_word' id='word_1_165' title='bbox 326 868 332 879; x_wconf 86' lang='lat'><strong>‚</strong></span> <span class='ocrx_word' id='word_1_166' title='bbox 351 859 401 874; x_wconf 87' lang='lat' dir='ltr'>cum</span> <span class='ocrx_word' id='word_1_167' title='bbox 416 852 538 878; x_wconf 74' lang='lat' dir='ltr'>fabricatio,</span> <span class='ocrx_word' id='word_1_168' title='bbox 559 856 608 874; x_wconf 86' lang='lat' dir='ltr'>tum</span> 
     </span>
     <span class='ocr_line' id='line_1_29' title="bbox 119 881 609 909; baseline -0.006 -5"><span class='ocrx_word' id='word_1_169' title='bbox 119 883 191 904; x_wconf 83' lang='lat' dir='ltr'>omnis</span> <span class='ocrx_word' id='word_1_170' title='bbox 213 883 259 909; x_wconf 79' lang='lat' dir='ltr'>eJ&#39;us</span> <span class='ocrx_word' id='word_1_171' title='bbox 280 885 352 904; x_wconf 82' lang='lat' dir='ltr'>mutus</span> <span class='ocrx_word' id='word_1_172' title='bbox 370 881 480 903; x_wconf 84' lang='lat' dir='ltr'>debeatur.</span> <span class='ocrx_word' id='word_1_173' title='bbox 517 881 609 903; x_wconf 74' lang='lat' dir='ltr'>Diccrcs</span> 
     </span>
     <span class='ocr_line' id='line_1_30' title="bbox 120 907 609 938; baseline -0.006 -6"><span class='ocrx_word' id='word_1_174' title='bbox 120 910 271 932; x_wconf 71' lang='lat' dir='ltr'>conscientiam</span> <span class='ocrx_word' id='word_1_175' title='bbox 280 911 309 932; x_wconf 82' lang='lat' dir='ltr'>ita</span> <span class='ocrx_word' id='word_1_176' title='bbox 317 910 456 938; x_wconf 74' lang='lat' dir='ltr'>opinantibus</span> <span class='ocrx_word' id='word_1_177' title='bbox 466 908 529 938; x_wconf 80' lang='lat' dir='ltr'>plane</span> <span class='ocrx_word' id='word_1_178' title='bbox 536 907 609 936; x_wconf 73' lang='lat' dir='ltr'>fingu-</span> 
     </span>
     <span class='ocr_line' id='line_1_31' title="bbox 120 936 609 991; baseline -0.006 -29"><span class='ocrx_word' id='word_1_179' title='bbox 120 938 188 964; x_wconf 75' lang='lat' dir='ltr'>larem</span> <span class='ocrx_word' id='word_1_180' title='bbox 199 937 308 968; x_wconf 77' lang='lat' dir='ltr'>contigiffe</span> <span class='ocrx_word' id='word_1_181' title='bbox 316 953 323 966; x_wconf 89' lang='lat'>,</span> <span class='ocrx_word' id='word_1_182' title='bbox 337 937 409 991; x_wconf 44' lang='lat' dir='ltr'>utalia</span> <span class='ocrx_word' id='word_1_183' title='bbox 417 939 481 961; x_wconf 84' lang='lat' dir='ltr'>etiam</span> <span class='ocrx_word' id='word_1_184' title='bbox 490 944 518 961; x_wconf 88' lang='lat' dir='ltr'>ex</span> <span class='ocrx_word' id='word_1_185' title='bbox 526 936 561 960; x_wconf 65' lang='lat' dir='ltr'>sua</span> <span class='ocrx_word' id='word_1_186' title='bbox 571 944 609 959; x_wconf 85' lang='grc' dir='ltr'>νο-</span> 
     </span>
    </p>
   </div>
  </div>
 </body>
</html>
