653 1114
91 86 133 106 160
265 82 434 106 SERMo

88 136 174 160 vaverit
187 135 324 169 yasculorum
333 138 447 160 materiem
456 153 463 165 ‚
474 137 581 167 figuram,

88 164 232 188 reststennam
240 181 247 193 ,
259 168 436 193 connexionem,
450 174 494 196 quo
504 174 583 190 unum-

89 193 193 224 quodque
205 193 268 226 algeri
282 195 371 218 vinculo
386 195 502 217 adhaereat
511 212 518 223 ‚
537 202 582 225 quo

89 223 151 246 hiatu
157 238 163 250 ‚
171 230 214 252 qua
219 222 303 252 figurae
309 225 432 247 mutatione
440 223 501 246 alteri
507 224 528 246 se
534 225 583 252 jun-

90 255 128 281 gat
139 267 147 279 ‚
159 259 204 281 quo
218 252 285 274 modo
299 253 400 275 circuitus
417 259 444 274 ex
462 253 533 281 primo
543 260 582 281 per

88 280 174 307 media,
186 279 257 303 rursus
265 288 294 303 ex
303 280 381 304 ultimo
389 282 413 303 in
421 282 517 310 primum
522 281 583 304 rede-

89 312 119 332 at.
157 309 226 333 Turm
236 309 350 333 habebitur
363 310 397 337 id,
413 310 473 339 quod
487 311 511 332 in
526 309 582 333 vasis

89 337 217 367 spe-stamus.
239 339 300 361 Haec
309 339 385 361 ordine
395 339 540 367 geometrico,
552 338 583 360 le-

89 374 118 397 ge
133 366 233 390 historiae
244 367 357 395 naturalis,
375 367 451 390 litteris
462 366 582 395 commiss'a,

89 399 116 418 ut
124 395 189 418 nobis
204 395 306 425 profimt,
314 396 361 418 usui
373 396 454 418 cedunt
462 395 559 424 posteris.

119 425 191 454 Atque
204 431 229 446 ea
238 424 331 447 fruimur
341 424 404 447 seculi
413 423 528 451 felicitate,
539 430 583 453 qua

90 452 174 476 summa
187 454 318 476 eximiorum
329 453 432 476 industria
441 454 582 481 ingeniorum

89 482 144 504 haec
156 480 244 504 scientia
259 481 345 504 exculta
358 482 385 504 ad
397 481 522 504 incredibile
535 489 582 510 per-

89 510 192 533 fectionis
207 509 295 533 culmen
307 510 426 538 adscendit,
438 514 463 533 ut
475 510 583 533 admiran-

89 539 144 562 dum
153 540 200 567 ejus
209 538 282 561 nostro
291 542 389 569 tempore
398 542 543 567 augmentum
551 542 583 561 at„

89 568 155 591 toniti
164 566 316 597 obstupeamus
323 584 329 595 ,
340 569 434 590 maxime
446 568 461 589 fi
472 568 537 595 hujus
548 574 583 589 ae-

89 597 141 619 tatis
149 597 242 619 inuenta
252 604 382 626 componere
393 596 454 619 lubet
466 603 518 618 cum
527 596 580 623 illis,

89 632 146 655 quae
156 627 190 647 tot
197 632 307 647 annorum
317 625 411 647 millibus
421 626 518 654 priorum
525 623 582 646 secu-

89 653 171 676 laribus
186 653 263 677 Medici
272 653 387 676 sciverunt-

118 681 202 706 Felices
211 689 253 704 nos
264 685 325 705 tanto
335 682 434 705 scientiae
442 681 540 704 thesauro
551 681 582 704 lo-

89 710 203 740 cupletes!
219 710 298 733 Beatos
311 718 367 737 nos,
383 711 419 740 qui
433 714 465 732 tot
478 710 581 732 molestiis

88 743 175 763 erutam
184 738 310 769 sapientiam
318 739 449 769 possidcnms
459 740 513 762 tuti!

117 767 149 792 Ut
156 775 209 790 vero
218 767 267 794 ille,
278 769 362 797 quivas
372 767 455 797 liquore
470 767 581 795 turgidum

89 797 219 826 cogniturus
251 803 312 818 arum
330 795 391 818 sciret
401 812 406 823 ‚
425 795 441 818 fi
455 795 547 818 affetum
559 797 581 818 ὅτ.

88 825 216 849 trochorum
242 832 331 854 gummi,
340 825 437 847 indolem
449 825 469 846 δι
480 828 581 846 naturam

88 852 163 877 sedulo
172 861 272 876 enarrare
283 853 382 881 satagatis
392 869 398 880 ‚
410 852 467 874 haud
479 851 580 874 soliicitus

88 881 148 905 foret
160 881 188 904 de
199 881 290 905 humido
304 881 335 905 illi
346 880 439 909 incluso,
451 881 481 903 ita
491 887 580 910 quoque

89 909 178 933 scientia
188 910 231 933 huc
242 910 308 940 usque
325 909 420 939 expolita
427 926 434 937 ‚
448 911 539 932 omnino
549 909 581 930 ni-

90 938 123 968 hil
130 938 221 968 valeret,
226 938 267 962 nifi
275 937 382 961 access'erit
391 938 486 967 cognitio
492 937 582 967 peritior

545 972 582 988 eo-
