653 1114
99 108 141 132 156
259 105 426 129 SERMO

95 166 190 190 quorum
198 159 279 182 virtute
288 159 375 189 pellitur
385 161 524 189 aegrimonia,
530 160 583 184 salus

96 195 149 211 vero
159 189 221 217 viget
230 187 344 218 floretque.

124 217 168 245 Qui
175 224 229 246 ergo
237 217 261 239 in
270 216 364 239 sanitatis
369 233 375 243 ‚
381 217 479 240 morbi&
487 216 583 240 medelae

95 247 218 275 penetravit
228 245 339 268 scientiam
348 262 354 273 ‚
367 245 423 268 solus
433 247 457 268 in
465 245 530 268 stadio
541 253 584 268 me-

95 274 142 297 dico
153 275 225 303 attigit
233 278 326 302 metam,
336 275 406 304 primo
417 275 501 303 bravio,
515 275 584 304 prima

95 303 117 326 di
149 302 231 326 iffimus
241 311 328 325 corona,

140 339 193 354 auca
203 331 322 354 admodum
332 331 386 354 haec
396 331 493 354 nobilem
506 332 527 354 &
537 338 583 361 per-

61 374 64 376 *
94 359 176 383 festum
185 360 276 383 reddere
285 360 409 386 Medicum,
422 360 530 382 miramini
543 368 548 382 :
561 363 583 383 at

94 389 173 412 horum
178 388 291 419 quodlibet
298 389 356 411 mille
365 389 405 411 alia
412 389 522 418 supponit,
532 396 584 418 quo-

93 425 142 440 turn
155 416 240 446 smgula
255 421 376 440 accuratam
390 417 466 439 librata
480 417 506 439 ad
521 418 583 439 ratio-

94 453 158 473 nem,
170 453 197 469 eu
212 445 341 473 difficiliora,
355 453 398 476 quo
409 447 478 474 magis
491 445 583 468 necessa-

93 476 136 502 tia,
144 475 289 497 videbuntur:
301 475 361 503 quod
370 473 491 502 ostentmst,
505 474 583 497 sermo-

93 503 127 526 nis
140 502 205 525 nostri
213 502 289 532 scopus
299 502 336 525 est.

122 532 183 558 Hoc,
196 539 289 561 quorum
299 539 344 554 una
356 531 429 554 sumus
437 548 444 559 ‚
456 539 533 561 corpus
545 531 582 554 vel

92 559 147 583 vafis
160 559 209 589 lege
220 561 353 589 geometrica
367 559 446 582 affabre
460 561 532 588 Faffis,
545 559 582 582 vel

92 588 224 619 liquoribus,
232 589 269 618 qui
279 589 355 611 iisdem
365 589 523 616 reconduntur,
531 596 582 611 con-

91 617 138 641 ibt.
156 618 244 641 Praeter
253 617 307 640 haec
316 618 360 639 duo
369 619 457 640 tertium
466 619 504 647 qui
516 624 580 646 quae-

91 647 130 673 rit,
141 644 217 668 frustm
227 645 264 668 suo
276 645 365 668 abusum
374 645 394 668 se
408 645 495 673 labore,
507 646 581 675 depre-

92 674 181 698 hendet.
211 674 276 697 Unde
285 674 346 696 facile
354 675 456 701 evidens,
468 674 581 697 fiuxit-atem

92 703 198 729 obtineri,
227 702 299 724 nando
312 702 397 725 canales
408 710 485 725 omnes
492 705 512 725 δε
523 710 580 726 mae-

92 731 153 754 andri
166 731 197 754 ita
218 738 230 753 e
242 731 338 757 habent,
349 734 375 753 ut
386 731 464 753 horum
474 732 544 761 quivis
556 731 580 754 li-

90 760 168 782 berum
177 758 263 781 fluxum
272 758 309 781 suo
319 759 423 781 concedat
433 760 530 787 lnnnuri,
543 768 581 783 ne-

106 794 134 810 ue
146 786 208 810 alteri
217 788 271 810 tubo
285 788 315 809 i1n
331 787 441 810 edimenta
453 791 521 810 creet:
535 796 580 811 rur-

90 795 192 846 ?umque,
205 817 244 838 ubi
255 816 308 845 liqui
324 824 336 837 ·ι
348 815 375 837 lic
387 815 435 838 sunt
446 820 578 845 comparata,

90 849 117 867 ut
126 844 198 871 mole,
212 843 293 873 figura,
307 843 434 870 velocitate,
448 844 578 874 reliquisque

91 873 178 896 dotibus
186 889 193 900 ,
206 873 281 895 exat'le
291 872 435 901 respondeant
442 873 467 895 iis
476 889 483 899 ‚
499 874 577 903 quibus

91 904 229 928 wiffentur,
238 903 260 924 ἃ
267 908 306 930 per
315 907 370 929 quae
381 905 497 923 moventur
503 901 577 929 ῥιπῆς.

118 930 176 953 Artis
188 936 241 958 ergo
254 928 338 952 nostrae
351 929 447 958 quisquis
458 933 516 952 amat
527 929 578 952 effe-

91 958 138 980 Qus
145 974 152 985 ‚
167 965 192 980 ea
206 958 289 987 polleat
301 957 389 981 scientia
404 958 480 981 exach
487 974 497 984 ³
506 965 567 985 quae
575 972 587 982 Ἰ
