653 1114
94 118 135 141 154
255 113 423 136 SERMo

105 167 170 190 uibus
188 170 281 189 armatos
302 167 364 190 decet
379 167 429 190 illos
439 183 446 194 ‚
471 168 508 197 qui
524 167 581 191 felici

88 175 174 224 {lim-te,
189 195 263 218 everso
278 197 405 219 morborum
417 203 440 218 re
457 203 498 224 no,
508 195 580 221 salutis

88 224 179 276 te-{nplgtu
184 225 210 247 in
225 228 331 255 tropzeum
344 226 427 255 erigere
440 202 524 249 {gamma
538 234 580 257 ope

87 261 111 276 111
123 261 153 276 un
181 261 197 275 r.

116 281 275 312 Exspedlationi
283 281 371 305 Vestrae
378 281 507 312 aptiffimum
515 283 580 306 intel.

86 311 153 339 figitis
164 313 326 340 argumentum,
335 312 372 341 qui
383 311 459 334 adestis
467 312 580 335 Medicum

87 340 181 364 audituri
200 342 340 368 perorantem
355 348 361 362 :
381 347 453 369 neque
470 341 524 363 mihi
539 341 579 371 ipfi

86 367 187 391 faustiora
196 367 294 396 aliunde,
302 375 368 398 quam
376 375 403 391 ex
412 369 452 391 hac
461 368 533 396 causa,
543 377 578 392 au.

85 397 149 427 spicia
157 398 204 427 peti
216 396 275 426 poffe
284 413 291 424 ‚
305 404 339 419 res
348 397 393 426 ipsa
403 398 473 421 dictat.
518 398 576 426 Qua-

85 429 174 457 propter
181 425 275 453 subjedo
285 427 388 448 orationis
398 426 471 448 favere
480 427 525 449 Vos
533 434 578 450 om-

85 462 126 479 nes
133 470 140 482 ,
151 456 199 482 Jure
208 454 303 484 quodam
314 454 367 477 mihi
376 454 499 484 persuadeo.

112 483 212 508 Vestram
223 490 275 512 ergo
287 484 313 507 Ο.
323 483 351 507 0.
359 485 385 506 Α.
395 484 424 507 Η.
433 484 457 505 in
468 483 576 506 audiendo

83 511 197 535 lenitatem
218 513 239 534 δι
273 513 385 536 atientiam
396 528 403 539 ‚
424 513 448 534 in
459 512 576 540 judicando

83 541 207 570 aequitatem
215 541 261 570 imp
270 548 347 568 orans,
359 541 419 564 brevi
428 557 435 568 ‚
444 548 514 571 euque
528 548 576 564 nou

81 570 208 597 inamoeno,
220 569 282 592 cursu
291 570 318 593 ad
329 573 410 592 metam
421 570 549 599 properabo.

109 599 129 621 A
138 599 208 628 prima
220 598 298 620 mundi
313 599 396 627 origine
410 597 535 620 mortalium
545 598 575 621 sa-

96 626 225 651 ientissirnos
231 643 238 653 ,
248 626 368 650 Chaldaeos
374 643 380 654 ‚
389 626 496 656 Affyrios,
505 627 575 656 Baby-

90 657 166 684 onius,
178 655 270 683 Medos,
282 654 367 683 Persas,
377 656 402 678 AE
433 657 489 684 ptios
521 656 575 679 Gra-

80 686 126 712 Jos‚
137 684 260 711 Romanos,
272 684 363 711 Arabus,
374 691 410 706 me
426 684 478 707 endi
490 671 574 707 1²cienti-

79 720 117 737 am
126 712 173 735 aliis
181 712 301 741 praetulisse
311 712 396 740 studiis,
408 714 429 736 δι
439 716 529 737 naturae
539 720 573 735 re-

81 748 132 763 rum
143 745 232 763 contem
249 740 324 763 lationi
335 740 467 770 adjunxiffe,
483 748 512 763 ex
523 741 573 764 ulti-

78 778 110 795 nu.
121 771 170 793 aevi
182 770 308 792 addicimus
322 771 480 793 monumentis.

105 799 187 828 Neque
197 799 277 826 injuria
286 806 292 822 ς
303 798 415 823 Medicum
424 800 484 822 enim
493 799 530 828 qui
541 798 571 820 di-

78 828 118 854 cit,
132 827 247 850 hominem
255 830 319 850 vocat
330 826 393 849 alteri
401 827 482 850 Deum.

106 857 192 880 Omnes
200 857 224 878 in
230 857 275 879 vita
282 855 430 879 benefactores
439 862 485 877 non
491 858 526 878 tot
534 855 570 878 be-

76 884 157 937 ffitfidiia
167 884 290 913 largiuntur
305 883 369 906 sunul
379 900 387 912 ‚
407 887 488 913 quanta
502 890 567 907 verus

102 920 115 936 e
138 920 183 936 eus.

82 957 85 959 -
143 942 165 966 'd
181 941 306 966 Alexandro
323 941 418 964 devistus
432 941 491 963 orbis
498 956 505 968 ‚
526 939 567 963 nili

75 968 102 995 Pl
110 970 116 975 ⁴
126 971 209 1000 'ppum,
216 969 256 993 nifi
262 969 402 995 Critobulum
410 968 575 994 habxssffiezxxz-
