653 1114
84 92 124 113 ¹72
249 85 415 108 SERMo

83 145 149 172 quum
157 139 182 160 in
189 138 281 172 Vuicani
291 139 377 162 officina
385 139 490 163 addiscere
497 140 565 167 datur,

82 167 120 190 ubl
129 174 142 189 a
157 170 202 190 erta
210 174 246 190 vla
254 172 312 197 patet
321 168 399 191 horum
408 168 496 196 fabrica,
505 169 566 196 ac'fio,

81 197 104 219 sc
113 174 208 220 viczoria.

108 225 138 248 Et
146 228 221 247 tamen
229 225 291 248 fateri
304 225 386 249 necess'e
397 225 428 248 est
436 242 442 253 ‚
456 226 566 248 incumbe-

81 260 105 277 re
115 257 199 283 praeter
209 253 262 276 haec
272 254 358 277 fatalem
373 256 447 277 mortis
459 254 566 277 neceffim-

81 285 141 309 tem,
159 289 202 312 qua
216 282 261 305 fine
273 283 316 305 ulla
330 284 352 305 vi
366 284 479 312 peregrina
489 282 566 305 sensim

80 309 171 340 collapsa
179 310 272 339 potestas
280 311 348 334 vitalis
359 315 440 340 torpet,
461 319 489 334 ua
495 313 566 334 attrita

80 346 162 368 organa
173 338 289 367 fatiscunt,
307 342 327 363 δι
340 341 434 363 nutritus
462 341 482 362 ⁴u
495 339 565 362 vitalis

80 367 176 397 spiritus,
184 368 274 391 tandem
283 369 410 397 defatigatus
416 385 422 396 ,
430 368 514 395 deficit,
523 376 565 397 qua

79 397 136 426 perit
145 400 190 419 tam
199 397 271 426 quiem
281 401 350 420 morte
358 398 403 424 via,
417 404 463 419 non
472 397 565 420 hoffium

52 439 55 441 -
78 426 102 448 vi
114 425 200 448 adver&
208 442 215 453 ,
225 425 262 448 sed
277 425 307 448 sui
318 425 363 448 leni
374 426 453 455 inopia.
494 426 565 455 Atque

79 453 137 476 hanc
153 453 231 481 solam,
251 453 267 476 fi
282 456 340 483 optio
359 454 444 477 daretur
459 470 466 481 ,
485 454 564 483 eligere

80 489 191 512 quemque
203 482 253 510 fibi,
264 484 311 512 quis
322 483 421 505 dubitat?

106 510 270 538 Demonſtravi‚
282 512 305 534 ni
315 511 377 534 fallor
382 528 388 539 ‚
398 512 425 534 Ο.
432 511 459 534 0.
466 511 490 533 A.
497 511 525 533 H.
534 510 564 533 se-

78 540 156 563 mimm
164 556 171 567 ,
183 546 239 569 quae
254 540 311 562 ducit
319 541 343 562 in
355 540 502 568 cognitionem
513 538 565 561 sani-

78 569 142 596 ῦιῌε,
151 568 276 591 morborum
283 584 289 596 ‚
301 570 321 591 &
333 569 356 591 in
366 571 506 597 utrorumque
517 575 564 590 cau-

77 595 126 619 fis:
141 596 177 621 sed
194 598 216 620 δι
231 597 306 619 eadem
322 605 334 619 o
351 604 386 619 era
398 597 480 626 patebit
493 600 563 618 certus

78 625 149 648 aditus
158 626 183 648 in
194 625 300 654 templum
310 625 330 648 sa
338 627 388 648 utiS.

107 653 153 681 Qui
164 657 249 680 ortum,
263 654 356 681 caustrm,
369 654 441 677 sedem
450 669 457 680 ‚
467 652 563 675 indolem

77 681 131 705 mali
139 683 212 709 novit,
221 683 309 705 remedii
317 684 353 705 vix
365 682 489 705 destituetur
499 681 564 704 scien-

77 712 124 738 tia;
140 711 178 734 ubi
195 711 276 734 etenim
288 710 354 734 noscit
369 711 517 740 ffipervacanei
528 717 564 732 ex-

77 739 169 767 ceffum,
179 741 201 763 δι
209 739 317 762 necessarii
327 739 444 765 defec'kum,
457 739 521 761 unius
530 738 563 761 fu-

78 775 106 797 ga
118 767 206 791 alterius
217 775 230 790 o
247 775 258 790 e
272 767 353 791 sanabit
366 771 492 796 utrumque,
505 766 563 796 quod

78 797 168 827 quidem
180 800 205 819 ut
219 775 337 825 afl‘equatur
347 812 354 823 ,
365 795 486 824 indaganda
499 798 563 817 erunt

78 832 104 849 ea
111 841 118 853 ‚
131 832 186 855 quae
196 825 275 847 herbae
284 841 291 852 ‚
320 832 360 847 uae
371 823 484 849 animalia,
495 825 515 845 &
525 824 563 845 mi-

78 861 145 877 neme
156 852 252 876 offerunt
266 860 301 876 me
323 857 369 876 cata
380 854 458 874 virtute
469 852 561 874 donata:

78 882 132 906 dum
142 883 202 904 enim
212 889 240 905 ex
246 882 286 904 hac
295 882 405 910 tricorpnri
414 880 490 903 umbra
498 880 511 895 *
517 879 563 908 plu-

78 911 147 933 rimus
157 910 245 933 morbus
256 909 356 938 exsurgit,
363 916 390 932 ex
401 909 476 931 eadem
484 907 562 930 auxilia

45 967 48 971 ¹
78 935 566 968 petendaemunctanumeumunfflum.)
