653 1114
160 135 491 161 ACADEMICUS.
540 143 568 166 67

79 194 139 216 dium
151 191 247 221 protuli,
264 192 337 213 omnia
353 194 417 220 atque
434 191 518 221 fingula
535 193 565 215 ita

78 222 126 244 sunt
141 224 275 248 comparata,
289 224 314 242 ut
328 219 442 242 absurdum
455 220 512 243 foret
528 228 566 243 ne-

79 256 144 279 gare,
164 255 191 271 ex
211 248 305 277 Corpore
325 255 350 270 ea
371 249 394 270 in
411 249 519 274 Animum*
536 249 566 271 di-

79 284 180 304 manare,
204 276 285 299 etiamfi
297 293 303 304 ‚
326 284 420 306 quanam
441 277 464 299 id
481 278 565 300 ratione

78 305 131 333 fiat,
155 304 263 334 explicatu
281 304 430 328 difficillimum
451 305 492 328 fit:
518 312 565 328 non

78 335 142 363 igitur
164 334 260 356 dubitare
284 333 377 363 amplius
398 334 508 363 quisquam
556 349 566 353 -

78 362 118 385 test
160 362 231 384 causas
250 364 340 384 omnino
360 362 425 389 dari,
449 370 503 392 quae
522 342 564 386 Ku-

93 378 160 414 end¹as
173 391 252 414 Animo
266 391 368 413 inducere
385 393 516 414 mutationes
528 399 564 414 va-

86 423 154 446 eant;
178 426 301 448 quanquam
318 419 451 441 solummodo
470 421 494 442 in
513 421 564 443 Cor-

78 455 118 478 pus
133 447 213 476 agendi
228 447 351 470 facultatem
368 447 448 470 habere
463 448 563 471 credibile

78 476 123 503 est,
147 483 189 498 nec
206 483 254 498 eam
269 483 355 506 quoque
371 477 488 499 admodum
504 484 563 506 mag-

78 512 148 531 nam,
171 503 285 537 aliquando
307 512 336 526 ne
354 508 435 526 tantam
457 505 544 534 quidem
555 520 562 533 ,

78 537 102 556 ut
113 532 150 556 vel
164 532 241 555 lewter
253 532 307 555 illud
322 532 451 555 labefinstent
461 549 467 559 ‚
480 537 517 556 aut
526 541 561 556 va-

77 563 167 584 riatione
181 560 395 589 senfibusmanifesta
407 561 505 584 afficiant
535 563 563 585 Et

77 591 111 612 cui
129 589 219 612 tandem
233 590 255 611 id
275 590 354 612 mirum
371 589 479 617 videatur,
509 597 562 613 uan-

78 619 104 640 do
125 619 219 647 paItIum
236 618 335 646 Corpon's
347 634 354 644 ,
383 625 437 646 quae
457 618 483 640 ad
513 619 561 641 len-

77 648 103 669 tis
117 647 253 675 operationes
268 647 349 668 faciunt
359 662 365 673 ‚
385 650 444 668 tanta
463 645 493 668 est
515 646 560 669 suba

76 675 152 701 tilitas,
171 682 226 704 quae
239 682 327 697 omnem
342 675 425 703 ingenii
438 674 561 697 industn'ae-

77 711 118 732 que
134 704 243 725 humanae
257 704 300 724 vim
315 702 406 724 eludat?
425 703 560 732 Quapropter

77 733 141 754 etiam
155 731 213 754 haud
228 738 274 753 raro
288 731 362 753 evenit
371 747 377 758 ‚
396 735 424 753 ut*
434 732 457 753 in
473 731 561 754 cadave-

77 761 134 782 ribus
149 767 226 781 eorum
243 759 356 780 hominum
366 775 372 785 ,
387 760 465 788 quibus
476 776 482 787 ‚
508 760 561 783 dum

76 789 190 814 viverent,
213 787 254 809 hoc
273 788 381 809 ac'hionum
403 794 473 816 genus
494 789 561 810 maxi.

77 823 164 845 mopere
182 816 330 844 perturbatum
344 816 414 838 suerat
423 832 436 842 ‚.
448 823 488 838 nec
500 816 560 845 quid.

77 852 141 873 quam
153 848 228 866 tamen
243 843 357 866 admodum
377 848 511 873 corruptum,
523 848 560 866 aut

91 873 134 895 uod
152 872 274 901 notabfflt=r
291 880 302 893 a
321 872 411 894 naturali
428 873 481 894 statu
496 871 560 894 recess

84 903 139 928 erit,
156 899 190 922 vel
215 899 364 922 accuratissima
382 900 509 922 scmtatiune
527 901 560 922 in.

77 930 149 952 venire
165 928 233 950 liceat.

94 985 212 1008 Praeterea
229 984 284 1008 fflud
306 992 392 1038 qul-§ue
418 985 501 1007 nemini
522 985 560 1008 ob-

371 1021 387 1036 α.
