653 1114
149 102 481 127 ΑσΑυΕΜιι-υε.
527 111 558 133 ³5

73 164 145 182 curam
168 158 309 186 regimenque
330 163 342 178 a
364 156 449 179 Medica
472 159 555 186 potius,

73 193 137 217 quam
155 185 182 208 ab
199 185 239 208 alia
256 192 385 215 quacunque
400 189 445 208 arte
455 201 462 212 ,
478 185 556 209 deiide·-

72 218 122 238 rent
134 223 141 237 ;
157 222 198 244 qua
218 214 245 236 de
264 213 324 236 causa
340 213 432 236 totidem
446 214 510 237 etiam
524 223 557 238 a·

72 243 151 273 pitibus
165 241 286 265 universam
301 241 362 264 istam
378 243 489 265 materiem
499 250 557 269 eom.

72 272 136 295 mode
154 271 236 294 includi
248 270 306 300 pofl'e
319 270 422 293 existimo.
460 271 557 295 Occasio-

72 307 126 323 num
141 299 206 322 altera
219 299 260 327 est,
271 307 322 322 cum
335 306 363 322 ex
377 300 496 328 incongrua
504 301 556 323 Cor-

87 329 129 351 oris
145 328 297 351 constitutione
316 328 382 351 Mens
399 327 480 351 laborat
491 345 497 356 ,
518 333 556 352 aut

104 364 166 386 rpore
184 358 206 380 vi
226 357 371 379 remediorum
388 360 471 379 mutato
488 357 556 381 sanari

71 384 141 415 potest
150 401 156 413 ,
169 384 251 407 etiamst
265 385 301 407 sua
315 384 377 414 culpa
388 389 490 414 aegrotet.
520 386 555 409 Al-

71 418 132 441 tera,
148 414 185 436 ubi
200 414 300 443 Corporis
315 414 416 436 morbum
427 414 494 437 Mens
510 414 555 437 effi-

72 444 101 465 cit
131 446 168 465 aut
185 442 268 465 auxiliis
282 444 306 464 in
322 442 422 465 Mentem
441 444 555 470 agentibus

72 459 276 503 exstinguere-licet.
305 470 346 494 Illa
360 470 426 499 specie
441 471 505 494 Mens
517 479 556 501 per

72 500 155 528 Corpus
172 503 252 527 tegitur
267 507 273 521 z
292 499 332 521 hac
348 506 400 520 vero
418 499 501 528 Corpus
516 506 556 529 per

71 528 177 551 Mentem.
208 528 325 557 Utramque
335 527 401 550 Vobis
415 528 438 549 in
451 528 556 556 praesenti

72 563 182 585 exponere
192 556 327 578 decreveram
337 564 342 578 :
356 556 391 578 sed
401 555 480 583 sentio,
489 560 556 581 mate—

71 586 114 606 riae
129 591 179 606 cum
188 585 319 611 ubertatem,
333 588 380 606 tum
393 585 556 613 jucunditatem,

72 620 108 635 me
123 612 202 635 diutius
211 628 217 640 ‚
248 620 298 635 uam
312 620 350 642 par
364 612 395 634 est
404 628 410 639 ‚
427 613 450 634 in
465 613 555 636 introitu

72 640 189 663 detinuisse.
233 620 304 668 Quare
316 657 322 668 ‚
338 644 419 663 mutato
434 641 541 670 propofito

72 669 209 698 posteriorem
222 669 280 692 istius
292 670 401 698 regiminis
411 673 504 698 partem,
516 677 528 692 e
546 677 555 692 ι

73 699 186 726 praecipua
199 697 243 724 est,
258 705 304 720 non
318 699 433 725 attingam:
449 697 521 721 insunt
534 706 554 721 e-

72 727 118 747 nim
132 727 156 747 in
173 733 198 748 ea
212 730 257 748 tam
275 725 355 748 multae
369 730 413 748 tam
428 732 456 748 ue
473 727 554 755 ponde·

71 754 129 777 κοΐ-(ιε
143 762 192 781 res,
213 758 237 777 ut
251 754 371 783 longiorem
385 755 420 783 poi
433 754 493 777 nient
509 762 553 777 oras

72 784 155 805 tionem
163 799 169 809 ,
182 790 246 811 quarn
259 786 296 805 aut
306 782 419 805 obtrudere
433 783 499 806 Vobis
512 790 553 811 ego

72 810 137 833 veiim
146 827 152 838 ‚
163 815 200 833 aut
210 812 254 834 Vos
264 812 370 840 patienter
382 812 454 833 audire
465 810 552 840 poffitis.

71 839 107 862 De
119 841 188 868 priore
201 840 279 867 igitur,
296 847 338 869 qua
355 840 453 862 Medicus
461 854 467 866 ,
480 843 563 862 curan:

73 867 100 889 do
125 868 207 896 Corpus
218 884 224 895 ,
243 868 313 890 Menti
340 866 449 889 consulere
472 867 536 889 debet

72 902 132 918 nunc
145 900 231 918 tanturn
245 895 355 922 dilserarn3
371 903 420 918 cum
432 903 507 921 ,τυ-«ιε
526 903 537 917 a

72 930 120 945 earn
134 926 258 952 pertinent,
273 925 297 945 in
310 931 378 953 pauca
392 928 452 945 contr
480 930 515 945 ene
529 923 554 956 li-

328 979 377 1003 02¹
