653 1114
143 93 483 120 acADEMlcUS.
519 100 563 129 ¹45}

73 157 124 175 cum
139 150 275 179 experiamur
291 150 316 172 in
330 148 455 173 cultioribus
471 159 500 181 qu
529 160 560 177 ue

72 182 95 203 in
112 179 167 201 eniis
178 185 225 201 non
234 177 317 208 semper
326 177 413 208 scopum
421 178 492 202 ferire.
501 159 560 205 Ἕω.

71 215 104 237 ny
114 214 147 230 ius
158 206 296 230 Heracleotes
306 222 312 234 ‚
324 214 375 229 cum
386 207 482 236 plurimis
494 211 559 234 annis

72 238 97 260 in
106 235 190 259 Philoso
205 235 241 257 hia
249 235 347 258 Zenonis
355 236 486 265 consumptis
496 238 560 262 sortis

73 264 115 288 ess'e
126 243 228 287 didicifiet
238 280 245 292 ‚
258 271 285 287 ex
299 264 387 287 renibus
400 266 488 288 tandem
498 266 559 290 labo-

72 300 124 316 rans
134 300 147 315 a
157 292 229 315 dolore
239 293 342 315 deductus
354 292 395 320 est,
407 297 432 315 ut
443 295 466 316 in
476 295 559 322 eiulatu

73 321 124 345 falsa
133 320 174 343 esse
186 321 316 349 clamitaret,
326 328 381 350 quae
390 325 453 343 antea
464 322 490 344 de
498 324 559 346 dolo-

72 358 96 373 re
110 350 153 380 ipse
163 349 261 372 senfiffet.
277 351 291 366 *
316 350 344 373 Et
354 351 438 379 quoties
452 354 512 374 tanta
527 350 559 375 eli:

73 382 111 402 aut
125 379 265 401 vehementia
280 377 369 400 istorum
386 382 486 401 motuum
497 396 504 407 ,
520 384 559 404 aut

72 408 209 430 contumacia
223 422 233 434 r
248 410 274 429 ut
288 414 378 429 omnem
391 408 480 430 rationis
495 408 559 433 usum

71 435 109 459 sus
119 436 202 458 endant
212 451 219 462 ,
235 437 314 464 quique
330 434 418 457 consilio
430 442 467 458 eos
481 444 559 466 regere

72 471 100 487 ve
109 466 138 491 it,
149 464 207 493 quod
215 467 320 486 monente
331 463 418 486 Comico
430 464 512 487 dudum
520 466 559 489 dn:

74 500 123 515 cere
136 491 236 522 potuiffet
245 509 252 519 ‚
268 492 379 514 frustratus
390 493 479 515 tandem
495 494 562 517 intel.

72 520 126 550 ligat
134 537 140 548 ‚
157 520 225 543 nihilo
234 520 254 542 se
266 520 315 549 plus
327 527 390 549 agere
398 536 404 548 ‚
417 528 483 549 quam
492 522 508 544 fi
520 523 560 546 det

74 557 162 579 operam
175 565 181 576 ‚
208 553 232 572 ut
254 556 304 571 cum
321 550 404 571 ratione
422 549 559 574 infimatur?

74 579 134 606 Qin
144 578 165 600 ἃ,
174 577 308 600 subitaneum
316 577 370 599 illud
378 581 442 606 atque
457 579 559 608 improvi-

73 606 132 634 sum,
139 613 182 636 quo
194 611 266 628 tamen
277 607 343 628 animi
350 607 507 629 commotiones
513 608 558 637 ple-

73 635 202 685 plerumpue
213 636 329 657 maximam
342 635 365 656 in
379 641 456 667 qoxpus
465 636 511 658 vim
521 643 559 659 ex-

74 671 146 686 ercere
166 663 226 685 olent
232 679 238 690 ⁷
246 669 376 692 quocunque
386 662 408 684 id
414 670 484 691 genus
491 672 560 688 reme-

75 692 110 714 dio
121 707 128 719 ‚
146 699 196 714 cum
211 694 291 713 nocent
299 706 306 718 ‚
323 692 360 713 vix
372 693 478 720 praeverti
488 692 559 725 posse,

75 724 124 747 aut,
135 720 200 742 sicubi
212 722 284 747 juvare
298 719 378 741 debent
387 735 394 746 ,
403 723 428 741 ut
441 720 558 748 plurunum

74 748 121 771 casu
134 748 222 771 fortuito
232 747 314 770 felicius
324 763 331 774 ,
343 755 407 776 quam
425 748 496 771 dedita
508 756 521 771 o
537 757 559 772 e-

73 784 97 799 ra
106 777 192 803 induci,
203 776 374 798 observationum
384 775 426 797 fide
436 778 513 800 innote
521 779 557 801 cit.

103 812 181 841 Itaque
193 813 215 834 in
229 819 252 834 re
266 816 309 833 tum
322 811 454 834 momentosa
464 820 513 835 cum
525 816 558 837 ni.

73 840 105 863 hil
118 848 165 863 non
177 840 287 869 explorare
299 843 395 868 oporteat
403 856 409 866 ,
424 840 491 863 nohm
500 844 559 871 equi.

75 869 137 895 dem,
153 876 207 897 quat:
223 869 345 897 Sapientiae
358 867 427 889 schola
441 871 558 898 promittit,

73 897 163 920 subfidia
172 913 178 923 ,
195 897 282 926 quaudo
297 895 346 947 usRS
363 896 407 923 est,
426 896 508 926 negligi
520 903 558 922 aut

91 964 101 972 ³
117 964 132 968 '⁸'
151 968 163 969 ⁷⁷
178 962 237 983 qufld,
253 962 315 984 Quaest.
326 962 336 978 Ι.
347 961 367 978 Η.
379 968 391 977 ε.
403 967 428 979 ae.
