653 1114
186 128 521 157 ACMDEMlcUS.
570 141 598 161 23

108 192 152 222 9¹¹⁰
166 182 250 209 iedame
267 186 338 209 Menti
354 187 408 210 nihil
420 187 451 210 est
467 189 597 210 commercii.

112 214 269 238 semulentum
279 219 354 238 tamen
362 216 453 245 (pestate
463 217 468 239 !
482 216 598 239 Graviores

39 240 47 250 '
106 242 157 265 sane
166 243 269 266 Mentem
282 245 329 271 ejus
339 260 345 272 ‚
361 252 426 274 quam
437 246 521 273 Corpus
528 260 535 271 ‚
550 252 598 273 pro-

107 271 174 294 cellae
188 273 277 300 agitant.
316 273 345 296 Et
357 274 441 303 quoties
455 273 515 296 febre
526 274 598 296 turba-

105 304 142 323 tur
154 302 279 328 cerebrum,
292 309 320 324 an
333 309 379 324 non
394 302 459 330 longe
472 302 533 324 auter
549 309 596 330 per-

106 330 158 358 cipit
174 330 248 352 Homo
258 346 265 357 ,
281 331 410 358 imaginatur
421 347 427 357 ,
445 331 596 358 ratiocinatur,

104 358 200 386 judicat,
218 358 267 381 vult
280 363 317 381 aut
330 366 376 381 non
390 359 436 381 vult
445 375 451 386 ‚
465 366 529 389 quam
543 359 596 382 Cor-

104 393 157 415 pore
169 386 236 409 stino?
250 388 363 410 Praetereo
377 387 519 416 Apuplexizuu
528 403 535 414 ‚
545 388 595 416 Epi-

104 414 207 445 iepfiam,
229 415 349 445 Catalepfln
363 432 369 443 ‚
389 416 477 438 morbos
496 419 593 443 ceteros,

119 445 142 467 ui
160 452 211 466 cum
233 452 282 466 eam
300 446 400 473 Corporis
417 449 499 473 purtem
511 461 517 471 ,
537 452 593 473 quae

112 473 163 495 edes
179 473 253 495 Animi
266 473 356 500 dicitur,
376 477 497 502 occupant,
513 480 592 496 onmes

103 502 168 529 hujus
184 501 298 524 facultates
315 502 368 524 adeo
390 502 531 524 vehementer
554 509 592 530 op-

102 532 200 559 primunt
214 546 220 557 ,
235 533 260 552 ut
276 530 360 559 prorsus
375 530 489 552 exstineizae
503 530 591 552 videan-

39 565 47 576 δ
102 563 151 585 tur,
174 565 215 580 nec
232 558 265 581 isti
300 566 372 588 uoque
395 559 421 581 de
441 558 507 581 semet
527 557 590 588 ipso,

102 594 157 609 num
173 586 276 616 superstes
305 588 322 610 it
333 603 339 613 ‚
359 595 399 609 nec
417 595 458 614 ne,
475 587 522 609 satis
538 594 590 609 con-

102 615 148 637 stet.
177 616 243 638 Mitto
258 617 323 637 etiam
335 617 449 637 innumera
465 615 520 637 alia:
537 622 589 637 cum

101 651 167 667 nemo
186 647 231 666 tam
251 652 324 667 rerum
341 645 441 666 omnium
458 645 545 672 ignarus
559 643 589 666 es-

99 672 119 695 se
134 672 197 702 poffit
209 689 215 699 ,
236 676 260 695 ut
279 680 326 695 non
340 672 377 695 suo
391 672 433 702 ipse
448 672 588 694 incommodo

100 701 214 730 aliquando
235 701 321 723 senserit
340 717 346 728 ‚
371 700 392 723 se
416 702 438 723 in
457 707 587 730 quacunque

100 730 200 759 Corppris
221 730 252 752 sui
275 729 426 752 constitutione
448 737 494 751 non
518 736 587 758 aeque

99 758 181 787 semper
195 758 261 781 libere
276 766 299 780 ac
315 759 371 780 reckc
384 759 483 786 cogitare.

126 804 317 842 Animaikerfione
338 818 410 837 autem
428 815 526 843 inprimis
540 813 586 842 dig.

98 851 152 866 num
169 844 211 866 huc
224 843 266 871 est,
281 844 350 873 quod,
366 844 390 865 in
404 844 483 866 utravis
495 842 586 865 tandem

97 873 199 896 Hominis
214 876 275 902 parte
284 876 358 900 exorta
370 873 464 900 primum
476 871 586 900 perturba-

97 902 127 923 tio
140 901 217 927 fuerit,
229 908 275 923 non
285 905 371 923 tantum
384 907 451 929 aeque
462 899 522 931 facile
531 898 584 931 inrie

96 930 120 951 in
130 929 219 952 alteram
231 929 387 956 transseratur;
400 936 476 951 verum
486 931 550 950 etiam
559 934 585 949 m

97 958 137 980 hac
156 960 218 979 noris
239 958 307 980 veluti
326 958 406 979 viribus
426 957 486 978 nuda
500 954 585 977 revolvi

97 986 109 994 ‘⁸
141 987 144 991 “
161 993 171 1003 τ
182 993 224 1013 eo,
239 986 298 1008 unde
308 987 380 1013 venit,
396 986 417 1007 Sc
430 984 584 1007 vehementius
