653 1114
100 120 127 143 5⁴
233 113 443 149 szaMoJ.

97 169 151 199 petu
163 168 188 190 iu
201 170 290 197 turpem
303 168 412 191 Venerem
422 184 428 194 ‚
442 169 480 190 aut
491 168 515 189 in
529 167 588 190 aliud

86 195 245 230 'quodcunque
259 195 381 225 flagitium,
395 202 477 225 pronus
491 196 545 223 ruit,
559 204 588 219 an

93 225 159 248 *hunc
174 228 259 248 ratrone
273 232 336 254 reges
345 241 352 252 ,
370 228 434 254 atque
450 224 477 247 ab
494 226 589 248 amentia

99 253 138 277 issa
161 254 255 280 abduces
269 270 276 280 ,
301 254 355 276 dum
372 254 455 282 Corpus
478 254 529 275 vino
552 253 590 276 fla-

127 283 172 304 at?
201 283 236 306 An
254 283 326 312 potius
344 289 430 311 operam
448 281 507 304 dabis
521 297 528 309 ‚
546 286 588 310 ut,

110 314 182 334 emota
197 311 302 341 peccandi
323 310 442 337 occafione,
461 311 588 340 quantocius

101 340 221 363 Hominem
234 339 261 361 ad
274 339 374 362 somnum
391 346 507 368 componas
519 355 525 366 ,
559 347 589 362 uo

101 368 154 391 Vini
171 367 284 395 stimulus,
305 367 398 390 insaniae
417 367 491 395 causa,
523 369 528 372 '
546 375 590 398 rpe-

102 399 137 420 tur
149 397 158 419 ?
179 398 213 420 An
225 398 343 426 praeceptis
362 397 411 425 dein
428 396 456 419 fic
468 399 551 419 mutare
563 398 590 421 A-

103 426 189 447 nimum
204 427 251 453 ejus
264 425 376 447 conaberis
386 441 392 453 ‚
409 429 448 452 ut,
464 425 544 447 etiarnfi
559 429 590 448 te

102 453 215 477 mulentus
223 470 230 482 ,
246 461 259 476 a
274 453 360 482 flagitiis
373 457 448 476 tamen
462 454 590 477 abhorreat?

103 482 138 505 An
150 489 217 511 vero,
237 489 266 504 ne
282 489 366 504 merum
380 482 466 511 posthac
481 483 506 504 in
520 482 541 505 se
557 484 590 505 in-

103 511 212 540 gurgitet,
228 510 333 533 cavebis?
350 511 422 533 Nemo
438 510 468 534 est
479 526 485 538 ‚
502 512 590 540 opinor,

117 540 158 562 uin
181 539 252 562 videat
269 556 276 566 ,
305 539 423 561 feliciorem
445 539 480 561 hic
503 547 591 569 operam

113 574 149 589 ere
158 583 165 595 ‚
181 575 245 597 quam
261 568 309 597 quis
327 567 415 597 Corpori
429 567 526 596 addicat3
540 575 591 591 cum

102 595 168 623 huius
178 597 295 625 agitatione
308 596 373 619 Mens
386 599 446 619 extra
459 595 480 618 se
497 597 591 625 projesta

103 625 127 647 in
140 624 237 647 furorem
251 624 354 652 adigatur.
382 625 465 647 Nonne
480 628 552 647 autem
567 624 592 650 fi-‚

103 652 161 675 milis
177 652 208 675 est
225 652 347 676 adfedkuum
357 668 364 680 ‚
379 653 416 683 qui
432 660 459 675 ex
473 653 592 683 Tempera-

103 682 184 703 mentis
197 682 221 703 in
236 681 406 710 Intelligentiam
424 684 460 704 aut
473 683 497 703 in
509 682 592 705 Volun-

103 712 173 731 tatem
186 709 319 732 inducuntur
331 725 338 737 ,
355 711 407 732 ratio
420 710 429 732 ?
444 710 521 732 Fateor
537 710 591 734 diffi=

105 736 210 760 cillimum
233 737 275 760 esse
297 738 350 760 haec
373 741 457 761 mutare
473 746 479 761 ι
508 739 592 762 Verum

105 765 212 789 difficilius
225 767 291 788 etiam
302 765 342 793 est,
352 766 386 788 his
397 768 516 789 immutatis
528 767 592 790 aliam

104 794 228 823 imprimere
243 795 323 818 Animo
332 794 435 817 indolem.
447 796 526 828 Neque
536 803 592 818 mor-

104 822 146 845 bos
160 825 207 845 mm
228 823 256 845 ob
277 830 323 845 rem
340 830 352 845 a
370 823 417 845 foro
435 824 522 846 Mechco
539 824 592 847 rele-

121 858 157 873 are
172 850 204 873 fas
220 850 263 878 est,
278 850 337 880 quod
346 858 409 880 aegre
419 850 523 874 sanabiles
536 852 591 877 sunt,

129 879 204 906 einde,
218 887 343 909 quanquam
357 879 470 909 operofilm
479 880 520 907 est,
533 880 592 903 haud

107 910 182 930 mmen
195 914 285 929 omnem
300 908 349 929 artis
360 907 485 937 potestatem
496 908 592 937 superat,

109 935 208 964 Corporis
224 935 400 958 constitutionem
421 936 491 967 aliqua
509 938 592 960 ratione

109 961 217 986 ixffleftere
226 980 233 992 ‚
248 964 364 986 minimum
378 965 410 986 ita
427 965 539 987 momu'x
549 979 561 990 s
571 968 613 987 §xi
