653 1114
169 90 510 127 ACADEJWICUS.
548 99 591 132 147

100 161 190 180 mutuae
201 156 318 184 societatis,
329 164 469 180 communem
479 159 536 181 inter
545 158 590 183 sese

98 187 166 209 vimm
175 190 258 215 agunt,
269 185 426 216 facultatesque
436 186 493 214 suas,
504 194 554 210 cum
564 189 591 211 in

99 221 170 238 unum
186 217 268 237 co5unt
281 215 410 241 hominem,
428 216 505 238 intime
520 216 590 240 veluti

98 243 231 273 permiscent
242 260 249 271 ‚
271 245 302 265 ita
327 251 470 273 quaecunque
491 243 590 268 alterutri

99 273 219 301 conjugum
228 276 267 295 aut
276 272 346 299 bona,
360 276 396 295 aut
404 272 472 298 mala.
481 272 529 295 casu
538 281 591 296 con-

98 300 173 323 filiove
183 303 291 323 eveniunt
300 317 307 328 ,
324 302 410 330 utrique
425 303 503 330 pariter
518 304 592 325 eveni-

98 335 130 351 re.
165 329 228 357 Quae
241 337 292 352 cum
303 329 387 359 prolixe
400 329 461 351 suu-a
473 330 507 352 dis
517 334 592 354 utave.

99 359 152 385 n'm,
164 358 219 381 nihil
230 358 261 381 est
271 375 278 385 ‚
296 366 335 381 cur
346 366 408 381 aures
442 358 489 381 obis
509 363 530 382 at
543 359 592 383 lon-

101 393 128 415 ga
141 388 238 409 oratione
250 388 319 408 nimio
329 386 378 415 plus
388 386 449 409 fessas
458 387 547 410 molesta
557 395 592 411 te—

100 416 206 445 petitione
217 415 298 437 diutius
307 415 434 438 obtundam

132 443 230 467 Cauffam
237 460 244 471 ‚
255 448 281 466 ut
292 445 353 473 potui
362 460 368 471 ‚
382 445 480 473 peroravi
489 445 537 467 Nec
545 445 593 468 sen-

101 473 132 495 tio
143 476 231 500 tamen,
243 473 370 500 Auditores,
382 472 439 495 velle
449 473 494 496 Vos
505 477 544 495 aut
554 481 593 497 me

102 501 221 528 dimittere,
232 506 270 523 aut
279 509 333 524 ame
344 501 429 524 dimitti-
448 501 522 525 Vestra
532 504 594 532 quip-

102 537 131 559 pe
145 531 245 551 omniurn
260 537 299 552 ora
312 533 377 559 atque
392 529 464 557 oculi,
477 531 501 552 in
512 531 593 554 Princi-

117 565 153 580 em
164 558 305 587 Juventutis,
314 559 338 580 in
347 557 489 581 Celfiffirnum
504 559 593 583 ARAU-

101 565 167 610 IS'IAC
171 587 226 613 UM,
237 588 260 608 in
268 587 474 610 GUILHELMUM
483 587 593 616 nostrum,

102 617 164 643 cujus
179 615 272 637 laetabili
285 615 370 644 aspecku
386 623 434 637 cum
448 617 541 638 maxime
556 624 593 640 ex.

102 644 198 667 ultantes
214 643 323 671 fruimur,
343 643 440 666 converfi
455 649 548 668 monent
559 652 593 668 ur-

102 676 199 723 {eatque
205 688 212 699 ‚
220 676 245 694 ut
255 680 284 694 ne
293 673 369 695 Tanto
381 672 469 702 Hospite
478 673 593 697 insalutato

119 702 156 723 inc
165 700 276 723 discedam.

132 730 160 752 Et
186 730 208 751 ui
219 728 295 758 poffim
304 730 362 757 ego?
372 730 474 758 Princeps
483 730 593 753 Sereniffi-

103 759 150 780 me!
190 761 213 779 ot
229 758 266 786 qui
282 758 401 779 rationibus
416 758 467 780 Tibi
484 759 592 786 addichs,

103 786 119 808 fi
132 793 178 808 non
189 789 251 812 ortu,
262 790 284 808 at
295 786 381 808 fortuna
391 786 495 813 Batavus,
509 787 592 810 Guber-

103 818 202 836 natorem
214 815 297 837 Patriae
308 814 478 837 Haereditarium
490 822 540 837 cum
551 817 592 838 Bo·

103 844 138 865 nis
150 843 253 865 omnibus
263 842 363 871 diligere;
372 843 470 865 Medicus
479 843 530 866 Tibi
543 851 593 867 con.

104 871 189 894 stitutus
196 872 231 894 Te
239 872 363 893 sacramenti
374 870 416 893 fide
425 872 477 893 mihi
487 872 592 896 creditum

105 899 217 921 observare
228 916 235 925 ,
254 901 277 921 in
293 899 377 926 oculis,
395 901 417 921 in
437 899 482 921 linu
497 900 591 929 gesture,

105 935 176 957 eoque
189 929 280 950 nomine
293 928 320 950 ud
333 927 442 950 familiaria
451 928 537 951 Tecum
551 930 593 953 col.

101 955 175 983 Inqffl'a
188 955 290 978 admiss‘us
300 955 434 983 inusitatmn,
448 964 489 985 qua
503 964 526 979 es
536 962 592 982 aeta-

357 984 403 1008 K‘z
