653 1114
149 94 487 120 ,AcADEMICUs
517 102 555 119 121

79 151 110 174 ste
125 148 198 171 omnia
209 163 216 175 ,
229 147 355 176 nauseabit,
370 148 479 175 horrebit,
493 149 558 171 etiam

79 178 166 201 odorem
181 183 244 204 aegre
259 177 314 200 feret
328 184 334 199 :
357 178 435 207 quippe
452 177 476 199 id
488 184 558 205 genus

80 205 149 229 edulia
159 204 234 233 sponte
242 209 330 227 naturae
338 206 362 227 in
369 206 504 235 putredinem
512 212 559 233 pto-

79 242 120 261 na,
134 240 185 255 cum
199 233 223 255 in
239 237 338 256 ventrem
352 234 437 263 putrido
450 233 558 256 imbutum

79 263 208 288 deveniunt,
232 265 299 284 uanto
311 269 377 291 ocyus
387 264 559 291 corrumpuntur,

79 294 208 319 tantumque
216 289 274 313 aiest
282 306 288 317 ‚
301 294 325 312 ut
337 291 444 318 nutriant,
457 295 482 312 ut
494 290 559 312 etiarn

79 319 130 343 mali
142 319 241 341 fomitem
252 319 377 347 adaugeant.
398 319 488 347 Sapiens
495 319 559 347 igitur

80 347 184 370 fastidium
193 363 199 374 ,
214 348 332 375 aegrotanti
346 354 448 376 perquam
460 346 559 374 salutare,

81 375 170 404 dignum
181 391 186 401 ,
205 375 262 403 quod
275 375 324 397 sana
336 376 389 398 ratio
401 374 439 398 fibi
453 375 559 399 vindicet!

80 405 161 428 Verum
170 403 290 426 rudiffimus
300 405 390 432 quisque
400 403 453 426 illud
465 411 513 425 curn
524 403 560 425 sci-

81 436 143 458 ente,
158 431 253 460 stupidus
270 439 319 454 cum
333 439 415 461 gnavo,
429 431 501 454 infans
511 438 561 454 cum

80 460 153 482 adulto
164 467 278 483 commune
291 461 369 483 habetz
385 461 408 482 in
423 460 560 482 delirantibus

81 489 145 510 etiam
158 487 178 510 se
192 487 268 515 effert,
283 489 326 510 imo
341 490 362 511 δι
374 490 397 510 in
408 488 481 510 brutis.
511 489 560 511 Am-

80 516 136 546 plius
151 516 203 545 quid.
213 517 288 539 dicam.
331 517 384 541 Non
395 524 418 539 ac
433 516 504 539 uiesn't
517 517 560 539 ani-

80 552 130 567 nius
140 545 269 567 aversatione
282 546 396 567 noxiorum
404 561 410 572 ,
435 545 462 567 ed
472 546 516 573 pari
528 546 560 566 in.

81 573 157 596 stinctu
170 572 316 596 saluberrimos
325 580 410 603 quoque
422 573 513 601 concipit
526 580 560 602 ap-

81 603 173 630 petitus,
185 603 221 631 qui
228 603 296 630 perito
303 602 388 625 Medico
399 609 447 624 cum
456 602 560 629 originem

82 629 161 652 caussae
171 629 285 657 declarent,
293 633 339 652 tum
350 630 416 659 digito
425 629 490 652 veluti
500 636 560 651 mon-

82 658 158 685 strent,
165 666 208 687 quo
217 659 358 681 remediorum
370 665 449 686 genere
458 659 490 680 uti
500 665 560 686 opor-

81 690 132 709 teat.
166 688 231 709 Enim
242 693 292 708 vero
302 687 359 708 idem
370 687 434 708 hon-io
443 702 450 713 ,
461 685 518 708 aestu
529 687 561 707 in-

82 717 144 737 terno
158 714 266 744 squalens,
276 714 308 737 fiti
317 714 441 743 inexplebili
452 717 514 743 potus
527 714 560 736 de-

82 741 158 765 siderat
174 750 269 772 aqueos,
291 743 362 765 acidos
372 759 379 770 ,
401 743 449 765 refn'
465 745 560 768 erantes,

82 770 215 797 reficientes,
236 770 379 803 conceffisque
399 778 436 800 pro
464 771 524 792 ubitu
540 771 560 792 ἃ

83 799 197 822 avidiffime
206 799 283 822 haustis
292 800 379 821 mirifice
386 798 509 825 delectatur,
516 801 561 820 tan-

83 835 148 857 quam
161 827 261 850 dirlicisset
275 834 318 849 non
329 827 372 849 dari
387 826 426 849 alia
435 842 441 854 ,
455 833 508 856 quae
519 833 561 848 cer.

83 857 125 878 tius
135 855 266 883 restinguere
276 856 383 881 ardorem,
395 862 442 877 acre
452 855 547 881 mitigare
554 872 560 883 ‚

83 884 190 912 putredini
204 883 296 906 resistere
310 883 401 905 valeant.
429 883 492 911 Atqui
509 881 562 904 ulte.

83 913 126 934 n'us
143 913 206 934 etiarn
221 912 354 941 progreditur
368 912 433 934 animi
443 909 563 932 beneficen-

81 941 117 966 tia·
152 941 211 964 Nam
227 948 282 969 quae
296 941 317 962 vi
334 943 384 962 ente
397 939 472 961 morbo
480 937 565 962 insatia-

341 975 354 995 5
