653 1114
85 87 126 109 162
245 82 411 107 SE'RMO

83 138 173 162 demum
180 140 233 160 not-a
241 136 321 160 suntin
332 136 431 166 lingulis,
440 141 487 160 tum
495 137 568 160 videre

83 168 107 194 in
131 173 160 189 uo
170 167 307 189 conveniunt
316 166 351 188 vel
363 165 475 193 cliffiemnt,
489 166 568 196 quibus

83 174 167 218 serianus
179 195 332 224 permilbentur
345 195 368 217 in
381 202 469 224 corpore
482 194 566 222 nostre,

84 232 128 254 quo
137 225 213 250 modo,
223 224 276 246 &in
301 230 339 246 uas
349 227 431 252 partes,
438 223 567 252 separantur,

83 259 165 282 quasve
176 256 270 275 mutatas
295 253 380 278 ‘ubeunt
395 252 508 282 utrobique
527 252 568 274 ror-

82 288 136 304 mas.

112 310 205 332 Cernitis
214 325 222 336 ‚
238 316 303 338 quarn
313 308 402 336 nobilis,
417 316 482 338 quani
495 307 566 335 utilis,

82 345 148 368 quarn
158 337 272 360 necell'aria
280 337 306 360 fit
314 338 367 360 haec
378 337 491 367 speculatio
500 338 507 362 Σ
525 337 566 360 Μὶ-

81 367 160 389 ramini
169 370 214 389 mm
226 374 302 396 parum
314 366 340 388 de
349 373 376 388 eo
384 367 511 395 cogitatum!
522 366 567 388 Du-

82 394 143 421 letis,
155 398 227 417 mutas
237 395 351 417 hominum
360 394 439 423 strages
449 394 520 417 deberi
528 394 567 417 hu-

81 425 116 451 ius
125 423 244 446 absentiae!
259 423 303 446 Sed
313 423 366 445 haec
375 424 518 445 calamitatum
527 423 565 445 hu-

80 459 195 475 manarum
205 451 302 481 suprema
315 453 335 475 &
349 451 461 474 tristissima
474 451 505 474 est
515 467 522 479 ‚
541 454 566 473 ut

80 487 145 504 mens
155 480 225 502 nostra
234 481 307 503 minus
320 480 438 503 neceiliiriis
447 481 531 503 intenta
544 481 565 502 δε

80 509 182 538 abrepta,
193 508 220 531 de
229 509 267 536 iis,
276 516 288 531 a
300 510 377 538 quibus
388 509 506 538 dependet,
516 509 564 535 viX,

62 542 64 544 “
79 536 116 560 vel
125 537 184 566 quali
194 544 232 566 per
240 537 360 564 somnium,
371 538 461 566 cogitet!

109 565 219 595 Prospexit
229 569 305 595 tamen
316 567 337 588 δι
349 566 400 588 huic
408 566 464 588 malo
471 566 564 588 Divinus

79 594 152 621 favor,
163 601 213 616 cum
223 601 260 623 per
268 593 381 623 sapientiae
391 594 515 623 Apollineae
528 600 564 615 an-

78 622 155 645 tistites
164 625 236 644 tantos
247 624 326 651 ceperit
334 622 387 645 haec
392 622 489 645 scientiae
496 622 564 645 Medi-

80 657 117 673 cae
131 658 179 679 pars
192 650 263 673 nostra
278 654 346 673 aetate
360 651 479 680 profectus,
488 654 512 673 ut
521 649 564 679 pla-

79 686 109 701 ne
117 678 172 700 nihil
178 678 332 708 desperandum
341 679 374 701 his
381 680 480 705 ducibus,
487 679 520 700 his
528 686 563 700 au-

78 706 147 736 spiciis
156 723 163 734 ,
176 707 294 729 dummodo
305 707 382 730 horum
397 709 491 729 inventis
500 723 506 734 ‚
520 707 563 729 aeri

79 737 101 759 δι
115 742 208 758 marmor
229 735 312 757 inscribi
329 735 454 764 dignillimis
462 751 469 762 ‚
486 735 562 757 divites

78 763 175 786 alam-iter
199 771 305 792 erganius.

107 793 163 815 Dive
183 799 221 814 um
236 799 271 814 ine
286 793 357 821 rapuit
371 792 398 815 0.
410 792 437 815 Ο.
448 793 471 814 Α.
480 792 508 814 Η.
524 792 563 814 hu-

78 827 156 842 manae
163 820 293 843 infelicitatis
302 820 465 849 contemplatio,
474 821 497 842 in
505 821 562 842 viam

78 848 174 871 reversus
188 850 239 876 ajo;
257 849 381 875 Medicum,
394 849 505 877 postquam
518 856 563 876 per-

77 875 147 905 specta
152 876 189 899 libi
198 877 290 899 reddidit
297 876 342 898 valii
347 878 434 906 quaevis
439 893 445 903 ‚
451 876 562 906 postquam

78 905 101 926 in
111 904 224 927 abstrusam
235 904 366 934 liquidorum
374 906 493 934 penetravit
502 904 562 926 indo-

78 931 130 960 lem,
137 933 259 962 expeditam
267 933 347 956 habere
353 934 418 960 viam,
425 941 468 963 qua
476 938 560 955 motum
