653 1114
82 101 123 125 164
245 97 412 122 'SERMo

82 153 159 178 effecta
168 170 175 181 ‚
191 161 247 184 quae
262 159 334 178 motus
345 155 442 178 datorum
456 154 564 185 liquorum

49 209 55 212 .
81 190 121 213 per
138 183 186 206 dam
200 183 248 206 vasa
267 187 372 213 quantum
389 183 483 206 senfibus
500 191 564 214 expo-

81 215 147 234 nunt.
186 212 301 239 Quaeritur
318 211 377 235 causa
391 212 486 235 efficiens
498 229 504 240 ‚
522 220 564 242 qua

81 243 196 269 concepta,
204 244 300 264 accurate
311 240 372 263 sdtur
378 257 384 268 ,
392 241 500 270 quomodo
511 241 564 263 haec

81 268 158 292 effesta
173 270 313 292 continentur
327 270 350 291 in
364 269 449 299 liquidis
466 277 505 299 per
516 269 564 292 vasa

80 298 154 320 motis.
183 297 242 321 Adfit
250 299 292 326 jam
302 298 439 321 Archimedes
446 299 563 327 quispiam,

80 326 222 350 mechanicae
231 328 252 349 &
259 327 281 349 Η
290 327 432 355 γςι-οηοηιίεειε
443 327 525 349 arcanis
533 326 563 349 lo-

80 354 156 384 cuples
164 371 172 382 ‚
180 358 254 377 utatur
264 362 276 377 a
291 354 380 377 mirabili
390 371 397 381 ,
410 362 452 384 qua
462 354 499 377 soli
508 355 563 378 Geo-

80 386 163 406 metrae
174 384 256 406 micant
265 400 271 410 ,
285 384 329 406 veri
344 383 465 412 inquirendi
480 383 564 406 metho-

81 411 109 433 do
118 427 125 438 ,
137 411 196 434 haud
207 412 291 434 dubito.
305 412 358 441 quin
366 412 425 434 brevi
435 411 563 435 laetiffimum

80 439 226 469 personaverit
239 444 301 463 aem!

110 468 146 491 Sic
153 468 215 490 datur
221 484 227 495 ,
243 469 263 491 δι
274 467 301 490 fic
307 468 374 491 sulum
384 468 446 491 datur
455 468 561 496 Theoria,

96 504 147 519 uam
160 500 240 519 vocant
250 512 257 523 ‚
277 504 341 526 quam
357 497 435 524 jactant
444 513 450 523 ‚
469 497 561 520 Medica.

81 544 83 546 .
104 532 142 547 um
152 524 217 547 solida
225 525 273 547 freti
282 526 374 554 corporis
385 526 484 552 humani,
495 527 516 548 &
527 533 563 548 eo-

79 561 142 580 rum,
152 560 207 583 quae
216 554 239 575 in
249 561 275 576 eo
284 553 350 578 fiunt,
360 553 455 580 scientia,
467 554 561 576 ridemus

80 581 174 604 misellos
184 582 272 604 Ixionas
281 583 361 604 nubem
388 589 411 604 ro
421 583 509 611 Junone
518 590 561 604 am-

79 609 158 639 plexos
169 618 175 632 :
186 609 321 639 explodimus
332 614 364 633 tot
373 590 486 639 {ty-stemma
494 627 500 637 ‚
513 610 561 633 lux-

78 639 169 661 uriantis
177 638 299 667 phantasiae
310 639 425 661 chimaeras
431 655 438 665 ,
445 640 465 661 &
471 638 561 661 deliran-

79 668 108 689 n's
118 666 200 688 cerebri
210 666 279 689 suavia
290 667 406 689 insomnia:
419 667 453 689 sed
465 668 485 689 δι
494 672 560 690 aeter-

80 702 120 717 nas
130 695 187 716 rixas
196 699 303 722 cavemus,
308 699 371 724 atque
380 697 409 718 ita
419 695 501 723 scimus,
508 695 559 724 quid

79 723 107 746 fit
117 722 220 745 cariffi-na
231 730 301 745 rerum
311 723 397 746 sanitas!
555 749 560 751 α

107 751 152 774 Sed
166 752 198 773 uti
211 751 254 773 huc
265 751 329 780 usque
340 752 426 773 trachta
441 752 559 774 Medicinae

78 787 128 809 pars
140 779 234 807 jucunda
242 781 363 802 amoenitate
373 784 503 802 ⁴attentorum
516 781 561 801 ani-

78 815 128 830 mos
137 807 246 830 demulcet
256 824 262 834 ‚
276 809 316 834 itu,
330 815 384 837 quae
397 808 489 836 stquitur
500 809 559 830 tern’-

78 836 116 858 biii
122 836 191 858 forma
197 836 285 858 eosdem
293 837 405 861 terserat-it,
411 836 498 863 expiicm
504 836 559 858 dam

78 864 192 893 suscipiens
201 864 267 886 diram
276 865 399 886 morborum
408 864 525 886 cohortem.

107 892 262 920 AEgritudinem
291 893 372 921 uisquis
385 892 457 918 audit,
474 899 501 914 ex
514 893 558 919 iam

78 921 181 949 peroratis
196 921 265 949 capiet
274 900 334 943 gacile
346 936 352 947 ,
366 927 412 942 eam
427 920 499 942 sonare
514 926 558 941 om-

78 955 142 975 nem‚·
155 949 192 978 qui
204 956 217 970 a
224 949 316 978 perfec&
327 948 377 971 sano
385 949 474 976 recedit,
485 954 558 977 corpo-
