653 1114
147 141 480 165 ACADEMlcUS.
537 149 567 169 55

78 197 134 218 intra
154 194 307 218 mediocritatis
327 194 434 218 cancellos
455 196 565 219 continea-

78 229 131 250 ταῖς
150 224 268 246 dummodo
285 225 309 246 in
329 223 368 246 usu
388 231 463 247 eorum
476 240 483 251 ‚
508 232 563 254 quae

79 252 198 275 conducere
217 251 319 281 poffunt,
338 251 386 275 satis
406 252 520 281 diligentes
534 256 564 276 at-

78 288 120 311 que
134 279 209 303 affidui
221 280 262 303 effe
276 281 378 315 homines
392 280 466 304 veIInt.

105 336 249 365 Qsotidianae
266 337 418 360 observationis
438 337 468 361 est
481 355 488 366 ‚
518 339 563 361 Ηο-

78 367 148 389 mines
161 367 183 389 vi
196 367 270 389 aetatis
285 371 323 389 aut
337 367 462 390 morborum
472 383 479 394 ‚
496 374 563 396 quan-

78 394 148 423 doque
163 396 228 417 etiam
241 395 268 416 ob
284 398 392 417 mutatum
409 397 465 418 vitae
477 402 562 423 genus,

77 424 100 445 in
118 422 176 445 aliud
194 427 258 453 atque
277 423 335 446 aliud
354 423 376 446 Τ
377 427 564 453 empernmentum
599 424 602 427 ⁴

77 451 171 474 transue.
200 452 254 475 Non
268 453 333 480 igitur
363 452 466 481 uidqumu
479 451 562 479 obstat,

78 487 120 509 quo
135 481 208 502 minus
226 481 247 503 &
260 480 340 503 Medici
364 481 396 502 uis
414 481 471 502 idem
487 479 563 502 instru-

77 509 157 531 mentis
173 508 258 531 efficere
274 509 368 533 valeant.
401 508 514 532 Notiffima
528 516 562 532 res

78 536 122 564 est,
143 536 238 559 excessus
251 553 257 564 ,
282 538 360 566 quibus
378 537 563 566 Temperamenta

77 565 185 595 quaelibet
203 565 302 588 laborant
312 581 318 593 ‚
338 566 458 594 incongrua
472 565 561 588 vivendi

77 595 159 615 ratione
176 594 276 620 intendi,
292 597 355 623 atque
374 595 397 616 in
412 594 500 616 morbos
514 601 561 616 non

76 629 123 644 raro
132 621 258 651 turgescere.
273 622 324 645 Sola
334 626 391 644 certe
404 621 512 644 sancuinis
526 622 561 644 ab-

76 651 180 673 undantia
189 650 296 680 plerisque
310 652 414 678 majorem
427 639 486 673 affdit
496 651 560 673 vehe-

76 680 187 701 mentiam.
224 679 278 706 Quis
298 680 370 712 itaque
393 686 473 707 negare
492 678 560 706 unfit,

77 707 121 729 dari
136 708 201 730 etiam
219 707 357 735 hujusmoch,
372 715 438 737 quae,
460 707 498 730 etfi
513 714 560 730 non

76 739 161 757 mutant
173 752 178 762 ,
197 736 339 758 excedentem
352 739 426 758 tamen
441 736 560 758 eorundem

76 764 120 785 vim
131 764 259 790 retundere,
274 765 422 793 impetumque
435 765 561 793 comprime-

76 799 99 814 re
120 791 220 821 poffint?
242 793 351 819 Quoniam
366 797 438 815 autem
447 809 453 818 ,
467 792 526 821 quod
535 793 560 814 in

75 820 100 842 iis
115 821 205 842 nimium
222 820 267 848 est,
285 821 387 843 Animum
400 822 512 849 praecipue
529 819 559 842 of-

75 848 159 876 fendit,
178 849 343 878 intelligentiam
355 849 427 871 turbat
442 854 479 871 aut
494 849 559 870 hehe-

74 879 105 898 tat
116 893 122 904 ,
142 876 277 899 voluntatem
295 877 322 898 ad
335 878 386 899 vitia
401 877 491 899 iuch'nat
506 892 512 903 ,
531 876 559 898 ad

76 905 165 928 virtutes
184 905 272 934 segnem
292 905 381 930 reddit;
406 905 448 927 hoc
469 904 559 927 tandem

75 932 265 956 manifeffiffimum
284 933 324 955 effe
344 933 433 955 arbitror
453 949 458 960 ,
493 939 558 961 quam

74 962 123 1009 31¹¹ss
136 961 162 983 ad
174 960 213 983 ista
224 962 306 984 Mentis
319 961 472 990 impedimenta
484 968 496 982 a
512 961 558 983 Me-

91 990 124 1011 ‘c·'·
218 989 363 1019 requfliverit,
379 997 426 1012 nun
437 988 561 1010 modo-non

330 1019 399 1054 ΒΑ,
