653 1114
87 106 132 133 146
218 103 383 127 SERMO
412 102 441 126 11.

87 158 205 187 vituperau·
214 165 220 180 :
237 160 260 180 at
271 165 324 180 vero
335 157 351 180 fi
363 164 441 186 pamm
450 160 521 179 certae
531 164 544 179 ο
560 159 577 180 is

87 186 145 210 forte
152 185 276 214 attulerint,
284 193 331 209 non
340 187 381 209 erit
390 190 474 213 tamen,
485 193 523 208 cur
531 165 579 209 Dll'e-

87 216 131 238 dici
140 214 254 245 desperent
261 232 268 242 ‚
282 215 360 241 modo,
371 222 427 244 quae
441 221 469 237 ex
480 216 578 243 propriae

87 245 141 267 attis
153 250 213 273 penu
227 243 325 273 depromi
339 247 421 273 queant
429 259 435 270 ‚
451 243 509 265 bona
521 244 578 266 recte

87 272 240 302 cognoverint.
269 272 328 295 Illud
340 273 444 295 nimirum
454 271 505 294 volo
518 279 579 295 men-

86 303 116 325 tis
128 308 168 330 per
185 308 265 330 corpus
278 302 377 329 regimen
386 317 392 327 ‚
406 301 465 330 quod
477 300 577 323 sermone

86 329 196 359 superiore
205 328 300 359 exposui.
322 330 409 352 Etenim
420 336 458 358 pro
468 328 522 351 statu
533 336 579 351 cor-

86 359 146 388 poris
157 357 300 381 diversimode
312 361 395 381 mutato
405 359 503 380 animun]
515 357 578 380 sunul

86 386 130 409 alio
145 390 167 409 at
182 394 212 409 ue
221 386 263 409 alio
275 386 375 408 inclinari
388 386 415 408 fic
426 386 473 409 stitis
483 394 518 408 me
529 390 578 408 tum

86 415 150 438 osten
166 416 170 420 “
189 422 202 438 e
218 415 315 438 arbitror.
357 416 388 438 Ea
402 416 467 444 igitur
482 415 513 437 est
527 416 577 437 artis

86 443 174 468 noſtrae
189 443 316 473 opulentia,
332 447 358 466 ut
372 452 423 466 cum
436 445 525 466 rationis
540 451 577 473 po-

86 472 164 495 teihte
174 473 198 494 in
209 473 313 501 regundis
323 472 433 495 affectibus
444 480 519 502 pal-um
527 480 578 494 con-

86 500 157 524 fidete
166 516 174 529 ,
186 509 260 531 neque
276 502 330 524 adeo
344 505 442 524 mentem
471 509 494 523 er
510 501 577 524 semet

87 529 155 559 ipsam
174 530 296 558 gubernare
318 530 369 552 licet
382 546 389 557 ,
418 537 456 552 mu
466 530 534 552 tifaria
552 531 577 552 in

86 562 191 588 promptu
211 558 329 581 habeamus
345 558 502 585 instrumenta,
521 565 576 588 quae

88 586 128 610 etfi
141 588 241 616 proxime
254 588 276 609 in
292 589 386 617 corporis
405 591 475 616 partes
495 592 577 609 motus-

88 622 132 644 que
144 615 252 638 duntaxat
263 620 331 644 agunt
338 633 344 643 ,
355 616 431 638 exulem
442 620 516 638 tamen
526 623 577 644 ope-

87 651 112 666 ra
122 643 218 666 incolam
230 645 276 671 eius
288 645 385 667 animum
395 645 473 674 pariter
483 644 576 671 afficere,

87 672 201 702 frenisque
221 672 289 695 veluti
311 677 375 702 atquc
398 673 513 695 calcaribus
538 676 576 695 aut

87 701 267 730 praecipitantem
280 702 380 724 cohibere
390 718 396 728 ,
415 706 452 724 aut
467 702 576 731 torpidum

88 730 183 753 excitare
195 737 220 751 ac
228 730 339 758 impellere
349 730 435 759 poilint.

117 758 294 780 Animadvertitis
301 774 307 785 ,
319 759 433 781 Auditor-es
439 775 445 785 ‚
461 762 575 787 utramque

87 786 201 815 regiminis
212 787 303 813 mentis,
313 787 371 816 quod
383 787 518 810 Medicorum
533 786 575 809 effe

87 814 150 842 dixi,
168 818 252 844 partem
270 816 362 838 natrmili
378 816 472 845 quodmn
487 815 576 837 vinculo

87 843 204 866 cohaerere
213 859 221 870 ,
237 842 370 873 alteramque
382 843 468 866 alterius
484 850 525 873 ope
540 843 576 866 de-

87 870 183 894 stitutum
193 871 305 894 insinuari.
340 872 388 901 ipsu
403 873 524 900 argumenti
537 872 576 894 hu-

86 901 122 927 jus
129 901 264 929 pertractatio
274 900 349 922 sensim
359 908 395 923 me
403 901 430 922 ad
439 902 509 927 initia,
516 900 583 922 unde.

87 927 209 978 ffigreffus
221 928 268 951 sum
275 945 281 956 ,
296 929 390 956 reducit,
401 933 425 952 ut
435 928 516 959 liquido
525 936 576 951 eon-

133 971 141 983 ,
150 957 334 986 quemadmodum
344 965 408 980 mens
418 959 440 980 &
451 964 541 987 corpus,
553 957 576 978 vi

412 1043 614 1055 —hn
