653 1114
115 119 159 139 ,114
245 112 411 135 SERMO
440 113 466 134 ll.

116 166 219 188 nocentia
228 166 300 187 animo
315 165 456 194 sibimetipsis
466 165 552 188 vivendi
568 173 598 187 re-

117 193 192 223 guiam
205 197 294 217 naturae
313 193 362 217 suae
377 195 543 216 convenientem
560 201 598 223 per

117 224 266 252 experimenta
289 224 372 252 propria
396 222 528 245 constituunt
541 238 548 248 ‚
572 222 598 244 ad

117 258 183 280 quam
194 250 214 273 se
228 250 323 280 religiose
337 250 472 273 conforment
484 251 493 272 ?
511 251 598 273 Nimius

117 279 183 302 effem
197 280 260 306 inbre
275 280 373 302 omnium
390 278 506 305 notiffima,
520 280 598 301 attum-

117 315 159 337 que
173 315 185 330 a
201 315 269 335 erem,
285 307 314 334 fi,
328 315 381 337 quos
394 307 470 330 sentire
480 307 541 329 aliter
551 314 597 329 non

116 337 170 359 ratio
199 337 256 358 ocuit
266 352 272 363 ,
293 335 329 358 sed
344 336 408 358 libido
424 337 494 365 coegit
504 352 511 363 ,
523 335 597 358 multis

116 372 177 387 nunc
185 364 278 387 refutare
291 364 376 387 vellem.
410 365 510 387 Habeant
522 364 554 386 iffi
567 364 598 386 su-

116 400 155 415 um
168 392 206 415 fibi
219 392 307 421 vulgare
321 392 374 415 iilud
386 393 475 415 verbum
489 400 494 415 :
513 392 597 415 Medica

117 422 201 448 vivere,
213 420 287 443 misere
304 422 390 443 vixere:
406 428 474 450 eoque
489 420 510 443 ie
527 421 597 443 conso-

116 445 199 477 lentur,
211 456 260 471 cum
271 449 316 471 sero
332 450 418 471 tandem
434 450 460 471 ad
474 449 597 478 filpientiam

114 478 223 503 redierint.
253 478 362 505 Unicum,
379 479 502 507 patiamini,
523 477 597 500 testem

115 514 156 536 pro
171 506 211 529 hac
226 506 286 528 causa
298 506 385 528 afletam
394 522 401 533 ,
418 506 521 535 illumque
537 508 597 528 omni

115 535 243 564 exceptione
253 536 366 563 majorem,
373 534 474 557 Nobilem
481 536 596 561 Venetoni,

114 564 251 588 Ludovicum
265 563 360 586 Cornaro
370 579 376 589 ‚
400 564 437 592 qui
453 571 503 586 cum
520 563 597 585 adoles-

115 599 180 619 cens,
198 598 237 620 pro
247 590 310 613 seculi
323 591 418 613 moribus
435 591 518 620 suisque
532 592 597 613 sortu-

115 620 163 647 nis,
177 620 201 642 in
214 619 292 642 luxum
306 619 396 646 effusus,
409 623 497 642 naturae
505 619 553 642 suae
568 620 597 642 vi-

114 655 149 671 res
158 651 271 676 tantopere
280 647 417 676 protriviffet,
425 651 450 670 ut
457 648 506 670 inde
517 656 528 669 a
536 650 596 677 quiu-

115 680 139 699 to
151 677 173 699 &
181 675 281 698 vicefimo
292 677 367 698 aetatis
379 684 436 698 anno
446 676 472 698 ud
482 676 596 706 quadrage-

115 704 193 727 fimum
211 704 276 733 usque
299 706 401 727 continue
418 705 595 731 valetudinarius,

115 732 215 755 remediis
223 739 288 755 omne
301 740 370 762 genus
380 732 481 755 incafl'um
489 733 595 760 adhibitis,

114 762 271 790 necquicquam
275 760 408 787 eludaretur,
414 762 547 784 Medicorum
554 761 597 784 sua-

114 789 138 813 su
151 789 240 812 tandem
252 788 372 818 rigidiffima
379 789 428 811 usus
442 789 510 811 diaeta
519 791 541 811 iu
551 793 596 811 tzin-

115 821 164 841 tum
174 817 276 847 profecit,
292 821 316 840 ut
331 825 378 840 non
390 819 454 840 unius
468 818 532 840 modo
544 818 595 840 anui

114 846 181 875 spatio
193 845 234 868 sese
245 846 344 868 diuturna
353 845 437 868 senserit
452 848 596 874 aegrotatione

115 873 245 901 relevatum,
255 873 290 896 sed
300 874 401 903 deinceps
410 875 473 896 etiam
484 876 508 896 in
520 874 595 896 eodem

116 901 255 927 abstinentiae
264 905 339 924 tenore
364 902 459 925 crsisteus
465 904 541 928 ‚vitum
550 908 595 924 non

116 929 212 963 rniseram
220 946 227 957 ,
240 937 285 952 non
294 929 355 953 senec
379 934 401 953 te
412 930 594 959 lariguescentem,

117 965 183 986 urimo
194 960 283 987 integris
293 960 360 981 animi
370 960 505 988 corporisque
516 959 600 981 inu-„uis

591 1041 609 1052 μ
