653 1114
107 109 134 130 62
239 103 400 127 SERMO
428 103 446 125 Ι.

105 159 150 182 filio
171 158 256 182 Medico
274 158 362 186 cogitari
378 173 384 184 ‚
413 158 435 179 δε
457 156 588 186 quandoque

105 192 153 211 tum
172 187 275 215 demum,
294 193 344 208 curn
362 185 474 208 inutilibus
494 185 568 208 multis
579 191 602 213 ‚¹

106 224 134 240 ne
149 216 217 239 dicam
235 216 256 237 &
269 216 339 237 noxiis
352 230 358 241 ‚
377 221 489 243 perperam
507 214 588 237 adhibi-

106 243 149 272 εἷς,
163 244 242 267 radices
259 247 304 266 tam
318 242 434 272 profundas
452 249 516 271 egere
529 251 537 271 ς
562 246 588 265 ut

106 274 152 296 erui
165 280 199 295 am
214 271 255 295 lius
271 274 386 301 nequeant.
429 271 521 294 Perinde
537 279 589 301 quaa

106 302 122 325 fi
135 308 181 324 non
199 279 278 323 Eorum
297 302 361 323 etiam
379 299 452 322 causae
473 307 588 329 corporeae

105 329 147 353 effe
160 328 240 359 pnffint
249 345 258 357 r
275 328 311 351 sed
323 330 395 351 minus
410 328 521 351 evidentes
529 344 536 356 ,
551 328 588 351 vel

105 366 151 382 non
170 358 285 381 admodum
305 357 441 388 quotidianae
455 374 462 384 ,
481 357 519 380 vel
533 359 588 385 eius.-v

105 387 164 409 modi
180 403 186 414 ‚
220 393 260 409 uae
278 393 324 408 non
344 386 385 408 alio
407 385 502 413 effestu,
523 394 588 415 quam

106 416 187 439 Mentis
210 416 213 420 “
232 422 245 437 a
266 415 399 444 aegritudine
417 414 589 444 cognoscendam

106 444 209 466 inducant
218 444 306 473 Corpori
316 445 459 466 mutationem
466 460 472 471 ‚
487 443 523 466 vel
533 451 588 472 quae

120 471 215 495 aullatim
232 473 296 494 etiam
305 488 311 500 ,
330 473 351 494 &
366 471 427 494 lento
441 475 528 494 tantum
543 479 588 501 gra-

105 480 149 528 gu,
179 501 274 530 adeoque
293 500 430 528 clanculum,
458 501 482 523 in
504 501 588 530 Corpus

105 528 225 558 subrepant.

132 587 211 609 Narrat
220 586 286 609 Olaus
299 586 436 613 Borrichius,
449 587 464 602 *
477 587 588 615 Juvenem

105 614 188 643 ingenii
206 615 292 643 pinguis
310 623 333 637 ac
352 614 422 637 obtufi
433 630 439 642 ,
465 616 501 644 qui
512 631 519 643 ,
537 614 590 637 licet·

107 650 157 665 cum
174 643 237 665 fratre
253 642 291 665 suo
302 659 309 670 ‚
328 651 355 666 ex
371 643 480 673 disciplina
498 643 589 673 pulchse'
608 644 613 651 ¹

108 671 205 721 gffvefio
213 686 220 698 ‚
235 671 311 694 eodem
324 671 373 694 usus
406 675 528 701 raeceptore
537 688 544 699 ‚
557 673 588 694 ni-

124 699 128 704 ”
153 702 227 721 tamen
242 699 357 723 admodum
373 707 385 723 e
401 700 464 723 iscere
493 701 587 728 otuerit,

108 727 166 760 febre
183 727 276 760 maligna
291 728 420 757 prehensum
429 745 436 755 ,
448 707 495 757 poft
509 728 591 751 multas

108 754 256 783 (lemannum,
269 758 332 779 tertio
344 758 414 780 morbi
427 757 472 784 die,
482 764 533 779 cum
546 756 589 779 elo-

106 785 212 812 quentia,
226 787 274 806 tum
291 785 410 808 eruditione
424 785 524 808 inufitata
534 801 540 812 ‚
561 785 588 807 de

108 812 201 840 vanitate
218 812 391 841 mundanorum,
407 814 433 836 de
449 817 590 836 contemnen-

110 839 136 862 da
153 843 222 862 morte
234 856 241 867 ,
267 841 293 863 de
315 849 361 864 non
381 842 516 865 formidanda
539 842 591 865 Cor-

138 868 166 889 ris
177 867 308 891 ffiss‘olutione
315 886 322 896 ,
332 869 437 892 sanissimo
450 869 542 892 similem
550 870 590 891 dis-

118 895 207 929 eruissse,
223 896 286 925 idque
306 897 349 920 sine
366 898 410 921 ullo
426 898 486 921 adeo*
496 897 589 921 inihm'ae

111 923 214 952 veihgm,
242 929 267 946 ut
288 926 381 949 eruditus
401 926 478 956 aliquis
494 927 590 950 Senecae

133 969 142 977 ¹
154 969 181 985 m
193 969 280 996 Banhulg'm'
289 971 321 988 ΑΕ.
327 971 371 989 Med.
378 972 522 993 Καςκιὰωξωοῑᾉῑ
528 973 601 991 &⁴¹¹²-
