653 1114
79 103 118 123 ιη
170 128 173 129 ⁷
209 97 376 120 ,ςεκΜο
406 97 434 120 ιι.

77 150 134 173 tedia
140 150 225 173 ratione
234 153 321 178 utatur,
328 149 449 173 valetudini
455 150 565 174 multimo·

78 179 110 202 dis
123 177 238 208 opitulari,
255 186 306 201 cum
318 180 340 202 δι
353 179 448 201 ustiones
463 178 510 202 suas
518 196 524 207 ,
542 181 564 203 &

78 215 133 238 quae
144 207 240 230 tribuere
248 208 332 237 corpori
342 207 418 235 debet,
430 208 461 230 ita
475 215 561 238 compo-

79 237 111 259 nit
122 237 146 259 δι
155 234 292 263 moderatur,
304 239 330 259 ut
343 243 415 265 neque
431 235 509 258 desidia
522 240 565 259 tor-

79 268 156 295 peant,
170 271 212 287 nec
226 263 300 287 labore
313 265 380 287 nimio
395 263 492 287 fatiscant
504 272 565 294 orga-

80 301 124 321 na,
140 296 273 322 naturaeque
288 291 447 315 neceilitatibus
463 294 565 316 conveni-

80 322 142 345 enter
155 320 257 349 satisfiat,
285 328 368 351 uaeque
380 321 467 344 officere
479 323 565 351 quovis-

79 350 145 373 modo
161 349 219 380 polle
234 357 260 372 co
307 353 333 376 t,
352 349 431 372 solicite
448 351 564 373 evitentur.

81 381 115 402 An
124 386 178 402 vero
186 379 234 408 quis
249 386 301 401 uam
310 377 341 401 ell:
348 394 355 405 ‚
366 379 403 408 qui
415 378 458 401 hoc
470 378 505 401 vel
519 386 566 401 ver-

81 407 132 431 bulo
150 406 189 430 fibi
203 414 242 436 pro
259 408 289 429 ari
303 406 415 436 postulet?
439 407 526 436 quando
544 409 565 430 &

80 435 117 459 sua
134 442 243 465 quemque
262 436 395 464 experientia
413 436 434 458 &
450 437 566 458 innumera

82 462 282 493 aliorumexempla
296 463 345 493 plus
358 463 406 486 satis
421 464 512 491 docent,
526 465 565 486 im-

81 492 190 515 moderata
201 493 259 514 vitae
275 493 358 514 ratione
379 491 432 514 nihil
445 492 472 514 ad
489 492 565 515 limita-

81 525 126 544 tem
137 519 179 543 effe
187 519 331 550 perniciosius
360 521 461 549 Repetite
490 520 565 548 uaeso,

81 550 201 576 Auditores,
209 556 264 578 quae
272 549 336 571 modo
345 548 440 578 exposui,
449 557 478 571 nn
493 557 505 571 a
515 557 566 572 cum

81 578 181 607 plurima,
194 580 242 600 tum
254 577 385 606 graviffima,
402 585 430 600 ex
440 577 489 600 solis
500 578 566 600 animi

81 606 275 636 perturbationibus
286 606 387 629 oriunda}
397 606 564 636 circumspicite:

69 642 133 663 „nam
145 634 240 663 undique
251 635 275 656 in
285 634 359 657 oculos
369 636 494 657 incurrunt:
511 642 566 664 quae

75 661 171 692 gulosis,
185 661 282 689 ebriosis,
296 662 437 690 lustronibus,
447 664 565 693 ceterisque

83 692 259 720 intemperantiae
271 690 350 713 asseclis
366 692 469 714 eveniant
482 693 487 715 !
508 692 567 720 Quo-

82 721 122 742 ties
133 720 208 742 attritis
217 718 271 741 luxu
285 720 364 742 viribus
374 723 425 742 ante
438 720 495 742 diem
505 721 568 742 mori-

83 751 157 775 antur;
172 751 209 770 aut
219 747 289 770 media
296 749 340 775 iam
348 752 417 770 aetate
425 755 471 770 non
481 753 567 771 tantum

82 776 142 799 senes
156 775 199 798 fint
208 792 215 803 ,
235 775 271 798 sed
288 777 352 798 etiam
367 783 396 799 ex
413 776 454 798 alio
470 778 495 799 in
509 776 568 799 aliud

82 804 233 827 invaletudinis
257 810 328 832 genus
351 805 477 834 praecipites
495 806 567 828 vitam

82 833 181 859 trabant,
198 840 241 862 qua
256 836 349 855 mortem
364 833 444 855 habeas
456 834 568 862 optabilio-

83 868 129 883 rem
139 862 144 884 !
159 861 236 889 Longe
248 860 384 883 diverliffima
392 860 504 889 est‚quam
515 861 569 885 Tul-

83 888 125 911 lius
139 890 162 911 in
173 889 256 912 Catone
266 890 346 916 maiore
357 888 430 911 laudat
439 904 445 915 ‚
458 889 568 916 senectus3

84 917 120 939 illa
131 918 234 947 inquam,
247 924 302 946 quae
314 918 370 939 vitae
383 917 411 939 ad
423 918 512 940 rationis
522 925 570 940 nor-

85 952 142 968 mam
163 945 359 973 acccommodatae,
375 948 498 968 extremum
523 945 569 971 est,

502 974 570 1003 quim
