653 1114
88 113 130 138 148
223 108 394 132 SERMo
422 109 450 130 11.

86 165 121 189 te,
133 161 199 185 Genii
213 161 260 185 Tui
270 163 316 185 vim
330 161 474 192 cognoscere,
489 161 580 184 admira-

85 192 117 218 ri,
126 198 199 213 amare
211 191 291 214 lubens
303 191 416 221 laetusque
424 191 540 213 didicerim.

115 219 192 242 Patere
210 220 291 248 igitur,
307 220 410 248 Princeps
424 220 429 242 !
449 223 473 241 ut
490 223 579 247 egomet

84 247 145 277 ipse,
167 249 189 271 δι
204 255 241 271 me
257 249 376 278 interprete
392 247 505 271 universus
524 247 577 270 ordo

84 276 158 299 noster
165 293 172 304 ,
182 278 203 299 δε
211 284 266 306 quos
275 278 318 300 huc
330 280 393 299 tanto
402 275 529 299 confluxisse
537 283 578 298 nu-

54 321 57 323 ·
74 307 145 328 'mero
156 305 229 333 vides,
241 306 320 328 civium
330 305 507 328 Academicorum
517 312 576 327 coro-

73 336 114 356 ‘na
127 335 207 367 gratias
226 334 280 358 Tibi
292 341 383 363 agamus
395 350 401 360 ‚
426 341 480 363 quas
499 337 576 356 mente

81 368 190 384 maximas
197 362 250 385 licet
257 364 371 392 concipere
377 379 383 390 ,
392 362 457 390 hujus
466 362 525 391 quod
533 362 575 384 diei

81 390 232 414 celebritatem
260 391 313 414 Tuo
340 391 453 421 splendore
474 390 574 420 praesens

81 418 250 448 splendidiorem
271 420 375 446 reddere,
395 423 529 448 tenuemque
545 418 575 441 le-

80 448 140 470 niter
151 455 176 470 ac
188 449 296 477 patienter
312 448 385 470 andire
401 452 508 470 oratorem
525 454 573 472 non

79 474 110 498 fis
117 476 253 505 dedignatus.
283 477 371 500 Deinde
381 480 406 499 ut
414 477 456 499 hoc
466 477 573 498 bonarum

81 505 162 527 artium
172 504 304 527 domicilium
312 507 402 534 ejusque
412 505 505 532 Divum,
519 506 573 526 nnti-

96 532 202 556 uiffimam
221 533 353 557 Batavorum
373 533 481 557 Palladem
494 549 500 560 ‚
520 533 572 556 Tuo

102 563 149 584 vori
159 569 183 584 ac
197 564 316 591 patrocinio
330 564 350 585 &
363 570 423 585 nunc
434 563 489 585 &in
503 561 572 590 poste-

78 597 130 612 rum
140 592 205 612 etiam
215 597 280 620 atque
293 592 359 613 etiam
370 590 530 612 commendem.

108 619 159 642 Tua
167 619 221 641 haec
232 619 301 642 Pallas
311 619 352 645 est,
365 619 467 648 Princeps
476 620 481 642 !
492 619 519 641 ab
528 618 569 641 Illo

77 647 182 671 Tuomm
195 648 305 675 Majwrum
315 648 416 670 Maximo
427 647 570 671 GUILHEL-

76 675 126 699 ΜΟ
136 676 206 705 primo
217 677 241 698 in
252 676 291 698 hac
304 676 356 698 aede
369 676 472 698 collocata
480 692 487 702 ‚
502 683 513 698 a
521 676 568 698 Ma-

76 705 129 733 gnis
137 703 210 733 postea
219 720 225 731 ‚
240 706 277 733 qui
287 706 358 726 vicem
372 704 433 727 Illius
443 706 466 726 in
477 704 569 733 republi-

76 739 103 755 ca
117 732 260 761 gubernanda
272 737 419 762 exceperunt,
434 733 568 762 Principibus

76 761 175 790 benigue
186 761 269 790 semper
281 765 363 786 curata,
376 761 444 786 culta.
458 762 567 790 protecta,

76 796 149 818 nuper
156 791 220 811 etiam
228 789 254 811 ab
262 789 416 811 Annibilissimo
425 789 569 812 GLJLHEL-

57 820 60 822 ⁷
75 817 124 841 ΜΟ
135 817 173 844 IV,
188 818 279 847 Optimo
293 818 356 840 Patre
371 818 434 844 Tuo,
451 818 496 840 flato
507 818 567 840 heu!

76 847 143 868 nimis
160 848 276 875 praecipite
300 846 363 868 nobis
385 849 458 878 erepto
473 861 479 873 ,
508 845 568 867 blan-

75 873 160 897 diffime
175 874 260 902 habita,
276 875 339 896 noris
353 874 465 896 beneficiis
475 874 566 896 aucta&

75 907 160 924 ornata.

105 930 179 958 Quid?
188 931 250 957 Tua,
259 929 327 952 ausim
340 930 422 957 dicere,
433 931 486 953 haec
496 929 567 953 Panas

69 961 146 981 muner
156 958 200 987 est,
213 959 248 983 Te
255 958 295 981 libi
305 958 386 982 filium
394 959 494 982 vindieat.
524 959 568 982 Ta-
