653 1114
107 105 134 126 34
239 97 405 121 SERMO
434 99 452 123 1.

133 152 228 179 rtinent,
238 152 400 181 praetermittet.
429 151 488 175 Inest
499 152 559 175 enim
567 152 592 176 in

156 179 254 203 societate
270 184 335 209 atque
349 180 452 203 consensu
462 197 468 208 ‚
482 182 519 210 qui
534 182 591 203 inter

103 209 206 233 Hominis
228 212 299 238 partes
321 209 452 237 intercedit,
472 216 591 239 permagna

103 237 184 266 agendi
195 238 228 260 vis
267 244 295 259 ua
305 236 347 259 sese
356 240 432 260 mutuo
443 245 489 260 non
499 237 590 260 adficere

104 253 246 293 duntaxat,i{÷
271 266 336 288 etiam
343 266 367 288 in
377 265 443 288 alium
451 269 515 296 atque
523 265 589 288 alium

103 294 182 318 statum
195 294 310 316 transferre
323 294 409 316 valeant
422 303 428 316 :
448 298 472 317 ut
485 295 534 317 ideo
549 294 590 317 fre-

134 321 240 345 enfiffime
254 323 278 344 in
292 323 371 345 Animo
387 321 447 344 causa
465 322 501 350 fit,
515 329 590 351 quam-

103 358 117 374 ο
133 358 181 374 rem
199 350 290 380 Corpori
311 350 361 373 sano
381 350 453 378 male,
469 354 505 374 aut
524 358 589 380 aegro

102 379 182 402 melius
198 378 254 407 fiat3
275 379 398 408 Corpusque
421 379 510 402 viciffim
530 380 589 404 haud

102 415 151 430 raro
165 407 309 436 aegritudines
322 408 394 430 Animi
408 409 428 430 ἃ,
440 408 554 437 producat,
568 409 589 430 &

54 447 64 456 ι
103 439 167 459 natas
180 435 245 458 sanet.

132 482 194 510 Quae
204 489 254 504 cum
263 483 292 504 ita
303 481 346 504 fint
354 498 360 509 ,
379 482 437 504 haud
450 482 541 512 amplius
552 483 589 505 ob-

103 510 188 534 scurum
212 509 253 533 esse
272 510 361 533 arbitror
369 526 375 538 ‚
403 515 502 540 oportere
520 511 589 535 Medi.

103 547 155 563 cum
163 555 170 566 ,
182 540 276 561 maxime
283 555 291 566 ,
301 546 352 562 cum
366 540 389 561 in
402 547 467 568 opere
477 539 513 562 suo
528 543 588 563 tene-

103 571 150 595 tur,
162 574 209 590 non
218 567 271 589 adeo
284 567 368 596 prorsus
380 568 483 590 Animum
498 575 526 590 ex
538 576 587 591 ocu-

102 596 130 619 lis
141 596 259 622 dimittere,
269 596 323 625 quin
336 597 356 618 Sc
363 595 457 625 aliquam
465 596 513 619 suae
525 604 587 620 curae

103 627 187 654 partem
207 625 233 645 in
253 631 305 646 eum
321 624 418 646 conferat
429 641 435 651 ,
457 625 586 655 videatque,

103 660 134 676 an
141 652 245 675 mumndo
255 652 338 681 Corpus
347 652 379 675 illi
389 652 484 682 prodess'e
493 653 587 683 aliquan-

104 681 133 704 do
143 680 224 710 poffit;
239 680 316 703 deinde
330 688 357 703 an
370 681 425 703 forte
440 681 521 704 causam
530 690 587 705 mor-

103 709 142 737 bi,
172 716 201 731 uo
214 708 298 738 Corpus
314 708 421 738 adfligitur
430 725 437 737 ‚
456 717 483 732 an
498 718 550 733 vero
566 712 587 734 &

103 745 164 762 reme
180 738 224 760 'um
237 738 294 765 ejus,
307 738 331 759 iu
341 738 421 760 Animo
433 739 536 762 invenire.
547 740 587 763 Su,-

103 765 175 818 ἷξὲῗὲ
183 767 257 817 iffi?
263 767 587 824 zuffifissssssessfflsflfffficffiffi

510 812 516 823 9

104 830 189 853 gemus.

133 861 214 891 Quodsi
224 861 374 891 amplissimum
384 861 445 885 illum
457 863 529 887 Praxis
540 864 587 888 Me-

106 890 201 913 fflcinalis
216 897 316 920 campum
327 892 456 920 cogitatione
470 899 584 921 percurro3

107 919 150 943 ᾶιιυ
165 918 285 949 praesertim
305 922 350 941 tem
365 926 402 941 ora
417 923 479 949 atque
497 920 585 944 occafio-

105 952 148 970 nes
157 947 212 970 mihi
223 946 297 969 videor
309 947 338 970 ob
347 953 431 975 ervare,
445 955 501 977 quae
516 950 595 971 Am
