653 1114
48 76 100 118 >223
144 74 146 76 ¹
186 92 384 117 *SERMO
413 96 430 117 1.

69 147 112 174 68,
127 145 218 172 Stimuli
229 146 257 169 ad
269 148 406 170 excretiones
416 163 423 175 ‚
439 155 495 173 quos
504 149 566 171 meri-

68 178 93 198 to
105 175 164 198 inter
175 174 250 198 sensus
266 183 419 204 numeramus,
436 178 520 206 quoties
534 178 567 199 in-

67 204 138 227 vitam
147 204 252 227 Mentem
262 203 408 227 molestiflime
418 205 565 235 interpellant,

67 233 160 255 turbant
172 248 180 260 ,
198 240 226 255 an
260 234 301 256 nt!
322 233 351 256 Et
367 241 432 263 quam
446 235 565 256 incommo-

67 261 123 284 dum
137 260 171 284 sae
187 268 200 284 e
217 269 230 284 e
271 269 318 284 rem
333 261 427 291 aliquam
447 264 563 291 cogitanti,

66 289 142 320 sopitis
152 293 221 313 enam
233 289 330 313 senfibus
343 291 453 318 externis,
466 295 500 314 tot
511 295 565 314 tam-

66 326 111 348 que
129 318 214 341 alienas
233 326 262 342 ex
279 319 375 348 Corpore
391 318 476 348 suggeri
490 321 565 348 imagi-

66 354 108 370 nes
122 356 130 376 ς
154 355 222 377 quam
243 347 330 370 difficile
342 364 348 375 ‚
369 353 424 370 cum*
433 347 563 381 prosiliunt,

65 377 205 420 reprimer'e3
225 383 318 404 cavere,
334 383 363 399 ne
380 380 484 399 connnue
498 378 564 399 inter-
585 378 601 395 θ

65 406 160 428 veniant
170 423 176 428 .

95 462 160 491 Qme
176 470 228 485 cum
239 464 269 485 ita
283 461 338 490 fint,
354 470 401 485 non
416 462 485 486 solum
499 463 564 486 Men-

64 494 113 514 tem
123 499 136 514 a
146 491 257 521 Corpore,
268 498 337 520 aeque
348 499 372 513 ac
383 492 467 521 Corpus
477 492 489 514 ἐι
498 492 563 515 Men-

64 523 99 548 te,
112 519 150 543 sed
162 521 268 542 nimirum
283 520 368 542 audebo
379 520 465 548 dicere,
472 519 508 543 vel
518 528 563 542 ma-

44 555 46 557 ’
82 549 88 554 ’
110 550 242 578 etimnregi.
274 548 325 572 sive
337 549 397 571 enim
407 552 507 571 naturam
517 548 563 571 sen-

143 577 239 607 spestem
249 585 301 607 prae
314 577 410 600 motibus
421 577 488 606 longe
502 577 563 599 nobi-

63 605 144 629 liorem
158 614 164 629 :
180 605 225 629 five
244 605 380 628 confiderem
394 609 479 635 purtem
495 605 561 628 modo

65 635 170 664 eorporis
187 638 251 657 motu
263 634 388 657 voluntario
402 635 452 657 cieri
464 643 470 663 3
493 638 515 657 at
529 641 562 656 or-

81 671 123 686 ana
135 662 238 686 sensuum
246 664 271 686 in
282 662 408 686 universum
419 663 464 685 fere
477 663 561 692 Corpus

81 693 86 698 ⁸
120 692 142 715 sa
163 691 206 715 ess'e
219 700 225 715 :
248 691 293 714 five
310 692 405 721 denique
421 693 561 721 computem,'
582 694 586 699 “

64 728 133 751 quam
146 720 217 744 multa
229 721 314 750 Corpus
326 720 362 743 sua
375 719 452 750 sponte
460 736 466 747 ‚
480 721 561 743 Animo

64 757 107 773 nec
118 751 211 778 juvante
226 757 267 772 nec
277 750 380 777 iubente,
393 748 485 776 efficiat;
509 755 561 771 uam

64 782 143 802 contra
157 785 249 808 parum,
265 785 294 800 ne
308 778 377 800 dicam
391 776 476 807 prorfils
495 776 561 803 nihil,

64 808 159 832 Animus
171 806 219 829 fine
229 806 325 835 Corpore
335 815 342 834 ;
356 809 381 829 ut
390 813 458 835 prope
470 805 561 828 dubium

63 836 104 864 fit,
119 839 195 860 utrum
204 836 236 863 is,
249 835 303 858 dum
313 835 403 864 Corpori
419 834 504 856 'andus
517 832 560 860 est,

63 873 91 888 co
108 864 178 888 'tandi
191 864 281 894 quidem
294 864 381 886 initium
393 870 406 885 e
423 866 446 885 et
459 862 561 889 ffiCturus,

64 895 87 917 n'
98 902 106 916 1
120 895 192 923 prima
206 893 307 915 materies
321 891 360 921 ipfi
372 896 396 914 ac
406 890 475 914 veluti
487 891 562 913 incita-

64 926 170 945 mentum
187 922 216 944 ab
227 921 323 950 Orgnnis
337 919 445 944 Sensuum
458 920 561 942 veniret:

64 951 120 974 haec
128 950 208 973 tuniba
216 953 315 973 accurate
326 948 446 979 ponderata
454 951 521 977 atque
529 948 566 968 ins
