653 1114
110 147 137 168 52
249 140 460 163 SERMOJ.

109 194 178 223 cepit,
193 194 378 223 Temperamenta
387 209 394 220 ‚
430 193 510 223 uirique
522 193 547 214 in
560 192 593 214 his

109 223 162 245 boni
175 225 213 245 aut
227 222 280 244 mali
294 222 357 249 infit,
375 223 411 251 qui
441 222 511 244 foveri
524 222 545 243 δι
559 227 595 242 ex-

109 250 167 279 coli,
187 250 238 280 quid
259 252 346 280 reprimi
367 257 391 272 ac
413 249 512 272 suffocari
531 248 595 271 debe-

109 283 132 302 'at
144 295 151 307 ‚
176 279 308 309 pernoscat?
331 279 413 302 Dicetis
432 279 504 307 imque
521 276 595 299 iisdem

108 308 196 335 verbis,
216 307 299 331 Plantis
319 307 419 329 omnibus
441 306 532 329 eandem
554 305 596 328 suf-

103 335 174 359 ficere
184 335 300 364 culturam,
312 337 333 359 &
343 336 442 365 Corporis
453 335 540 358 morbos
548 341 594 357 uno

109 371 186 388 omnes
196 365 291 387 remedio
301 365 369 387 sanari
378 363 442 394 poffe.

84 449 86 451 ,
135 421 219 446 Verum
237 421 292 444 dabo
307 438 313 448 ‚
339 422 398 451 parvi
417 421 469 444 haec
488 421 596 443 momenti

110 449 151 473 effe
161 466 167 477 ‚
186 454 223 473 aut
242 450 315 473 sedulo
333 449 473 477 observaturi,
486 450 550 471 etiam
563 450 596 471 in-

109 478 206 501 consulto
216 478 313 505 Medico,
328 478 388 501 facile
400 477 512 508 patefieri:
529 477 597 507 quod-

109 506 126 530 fi
140 511 214 530 tumen
234 507 260 529 ad
279 508 352 530 Animi
370 506 405 528 illa
422 508 473 529 vitia
492 508 513 528 ὃς
534 505 597 528 affec-

109 536 181 558 tiones
190 551 197 563 ‚
212 542 267 568 quae
282 536 305 557 in
321 535 379 557 Tem
395 535 510 557 eramentis
524 533 597 557 sedern

109 564 205 591 habent,
222 564 354 586 mvenienda
393 563 475 586 edicina
487 562 532 589 est,
546 570 596 585 eam

110 592 175 614 modo
195 599 207 614 a
224 592 305 614 viribus
325 592 426 614 humanis
445 598 491 613 non
505 590 598 613 discess'e-

110 621 177 643 rimus
188 636 196 648 ‚
216 624 253 643 aut
269 620 369 643 Medicus
383 636 390 647 ‚
414 621 505 650 opinor,
525 619 595 646 dabit,

110 652 148 679 aut
159 656 232 672 nemo.

139 704 214 728 Nolim
233 705 333 734 equidem
347 706 462 727 ratiociniis
472 721 479 731 ,
498 711 598 733 praecep-

111 733 139 755 tis
149 748 156 760 ‚
170 733 325 755 monitionibus
335 749 340 761 ,
357 734 542 762 objurgationibus
551 749 557 760 ‚
567 736 598 755 at-

112 768 155 790 que
174 761 227 784 adeo
248 761 346 790 diligenti
363 770 387 784 ac
407 762 491 784 severae
511 761 598 790 discipli-

112 796 154 811 nae
172 797 261 811 omnem
276 791 300 811 in
313 797 338 811 ea
352 797 376 812 re
394 789 508 812 efficaciam
524 791 544 812 &
557 790 599 811 uti-

111 817 195 841 litatem
215 818 323 847 derogare.
365 818 463 841 Multum
477 817 515 840 ista
536 817 598 846 saepe

113 845 141 867 ad
159 847 210 868 vitia
228 846 302 868 valent
316 846 468 875 compescenda
480 862 487 873 ,
510 853 538 868 ne
553 847 599 868 vio-

113 873 184 896 lenter
195 878 354 904 prorumpant:
379 878 402 897 at
416 881 465 896 cum
480 875 503 896 in
519 874 599 903 Corpo-

115 902 143 924 ris
164 904 291 931 compagine
312 903 365 925 haec
384 902 514 925 inoleverint
528 918 535 929 ‚
559 903 600 924 vix

116 929 146 952 im
155 937 229 953 eruere
241 929 327 960 poss'unt
336 946 342 957 ‚
355 935 381 953 ut
392 938 438 953 non
449 930 514 960 usque
530 931 551 953 δι
564 937 600 953 us-

132 965 158 980 ue
167 961 284 981 recurrant.
315 960 418 982 Rudicem
426 960 450 981 in
461 959 554 987 Corpore
564 959 600 980 de-

117 964 184 1008 gxam
203 986 296 1010 evellere
315 991 426 1018 opem:
445 984 615 1016 quxffi-
