653 1114
78 122 120 142 132
207 115 378 138 SERMO
407 116 436 137 ΙΙ.

77 169 218 192 concutitur:
231 168 268 191 ille
282 168 398 198 improviso
412 169 497 198 stagore
510 173 567 194 totus

78 197 247 221 contremiscens
269 197 340 220 statim
357 197 458 227 resipiscit
512 199 569 226 Quid

77 227 192 251 Maniacos
204 234 332 249 enumerem
347 230 429 249 terrore
442 231 480 250 aut
495 227 568 251 fortui-

73 259 103 279 vto
114 272 122 283 ‚
139 260 178 279 aut
192 255 220 278 de
235 255 339 278 industria
357 255 439 278 ineussb
455 257 482 278 ad
498 255 569 279 sanam

78 288 178 308 mentem
186 285 315 307 revocatos?
327 284 386 312 Quid
393 285 430 314 Hy
446 285 570 307 ochondria-

79 321 118 337 cos
130 321 143 336 a
156 313 293 336 stolidissimis
302 329 309 340 ,
328 314 407 343 quibus
436 315 458 336 iu
476 314 569 337 inhaesi}

79 346 143 370 rant,
156 342 273 372 phantafiis
286 341 314 364 {ic
326 342 439 365 confestim
451 342 569 365 liberatos?

78 372 283 401 Praecipitationem
292 372 315 393 in
325 378 394 398 mare,
401 370 569 394 submersionem

79 401 105 423 in
113 407 169 430 aqua
177 416 184 427 ‚
197 400 292 429 antiquis
304 401 348 428 jam
358 400 493 429 temporibus
503 400 531 422 ad
541 408 570 422 ra-

80 429 140 451 biem
152 428 262 454 ufitatam,
272 428 372 451 adversus
379 428 434 451 illud
444 429 570 451 morborum

82 464 154 487 genus
167 459 232 480 etiam
245 457 364 486 plurimum
378 456 449 480 valere
463 457 521 480 casus
531 459 570 487 pri-

81 493 145 509 mum
153 486 252 509 Medicus
264 486 348 512 docuit,
361 487 511 515 experimenta
521 493 570 509 con-

81 514 205 538 firmarunt.
240 514 399 543 Lugdunenses
409 515 520 538 Borrichio
533 522 570 544 per

82 543 165 568 Gallias
179 544 220 566 iter
231 543 319 566 facienti
333 543 416 566 editum
430 543 571 566 ostenderunt

81 571 167 599 locum,
177 579 190 594 e
200 579 244 602 quo
255 575 330 594 mente
340 573 395 600 capti
405 573 428 594 in
438 572 571 595 Rhodanum

82 602 210 630 praecipites
221 604 313 630 agantur
324 616 330 626 ,
348 608 372 622 ac
383 600 440 623 fune
450 601 570 623 identidem

81 629 220 652 retrahantur
231 645 238 656 ,
251 636 277 651 co
288 629 398 656 instituto,
413 633 437 651 ut
449 629 522 658 sapere
534 630 572 652 ite-

82 665 134 680 rum
144 657 224 680 discant
232 674 238 685 ‚
251 657 387 686 filccess'uque
398 665 444 679 non
459 659 572 687 poeniten-

84 686 120 708 do.
148 686 313 709 Robertsonum
321 701 327 712 ,
337 686 449 708 Medicum
460 686 557 715 Anglum
565 701 571 712 ,

84 714 159 737 audaci
167 713 205 736 iffi·
214 714 356 737 medicatione
366 714 438 744 plures
449 714 536 737 insanos
545 714 572 736 ad

83 744 174 765 rationis
188 743 250 765 usum
265 742 369 765 reduxisti:
379 742 447 765 fidem
460 743 510 765 facit
522 742 572 765 Hel-

83 772 189 794 montius.
223 773 251 794 At
263 771 363 800 quorsum
378 771 456 793 isthaec
473 771 572 794 sermone

83 799 192 829 superiore
201 801 245 827 jam
259 799 349 821 adducta
361 807 420 822 nunc
432 800 525 829 repeto?
539 800 571 822 Eo

83 829 200 855 nimirum,
212 827 309 852 utillud,
319 828 377 856 quod
386 828 412 850 ad
424 836 470 850 rem
476 827 573 857 praesen-

84 859 131 879 tem
150 856 202 879 facit
210 872 217 883 ‚
241 855 365 884 intelligatis
378 872 385 882 ,
406 860 474 878 totam
494 856 554 878 istam
564 871 572 882 ‚

86 888 168 918 quanm
178 888 260 914 quanm
273 884 304 906 est
314 900 321 911 ,
337 883 474 907 effitientiam
486 892 498 906 a
509 892 573 913 pecu-

85 912 133 936 liari
147 913 240 942 quadam
256 920 324 941 aquae
338 913 418 935 virtute
431 914 520 935 minime
535 913 574 934 du-

86 941 179 964 cendam
196 940 238 963 ess'e
249 957 256 968 ‚
272 941 309 963 sed
323 942 387 963 unice
403 941 476 964 deberi
490 941 573 963 summo

86 970 163 992 tenori
175 970 295 999 angui-ique
303 984 310 996 ‚
325 969 349 990 in
366 976 434 998 quem
443 970 472 992 ub
486 968 579 991 suffum-
