653 1114
64 111 109 138 378
197 105 431 132 'SERMOL

80 161 175 193 inspirari
183 164 384 192 magnanimitatem
394 178 401 190 ‚
412 162 530 185 sacerdotes
540 164 565 186 in

81 190 234 215 enthusiasmos
247 192 314 222 abripi
326 191 457 222 perhibemr.
485 192 564 221 Neque

80 224 162 243 tetrum
182 219 236 243 iliud
264 224 404 250 unguentum
432 219 563 247 describam,

81 256 125 279 quo
138 256 187 272 cum
201 249 282 279 Sagae,
297 256 351 279 quas
364 252 458 276 vocant,
472 248 508 271 sua
520 256 577 271 cor->

80 285 132 308 pora
145 277 261 307 persi-icant
279 278 388 312 profundo
405 277 514 306 oppreffae
534 277 565 300 so-

80 313 147 336 pore,
163 307 188 329 in
207 306 261 329 illud
278 307 336 329 idem
356 306 476 329 constanter
498 306 566 335 phana

39 339 41 341 '
81 334 162 363 tasma,
179 338 284 365 tanquam
299 335 316 358 fi
332 334 399 364 longo
416 342 454 364 per
471 337 520 357 aem
533 335 565 357 iti-

81 370 133 386 nere
150 365 174 386 in
192 365 308 387 remotiora
328 363 374 386 loca
389 363 518 386 transvedtae
533 363 565 385 sui

80 391 180 415 similium
193 393 264 420 coetui
273 392 431 415 immisceamur
438 399 462 414 ac
471 392 565 421 tripudia

81 424 147 449 agant
157 437 164 449 ,
181 421 280 444 incidunt
290 437 297 448 ,
319 422 413 449 imagine
425 420 463 443 ista
475 425 520 443 tam
531 419 566 442 fir-

81 450 144 472 miter
163 449 279 479 impressa3
298 453 324 472 ut
340 449 500 479 expergefactae
515 449 566 471 dein

81 477 141 500 nulla
151 477 189 501 fibi
201 479 284 501 ratione
289 478 412 511 persuaderi
425 477 495 500 finant
504 493 512 505 ‚
521 478 566 499 ina-

81 512 109 528 ne
122 505 229 529 somnium
242 506 309 529 fuifle.
344 507 457 530 Praetereo
471 508 492 529 δι
509 513 566 528 coma

80 533 142 564 plura
156 534 196 557 alia
207 551 214 563 ‚
229 542 284 564 quae
298 535 314 557 fi
328 543 368 564 pro
383 535 486 564 dignitate
505 541 565 557 enar-

80 568 126 587 rare
148 563 243 591 vellem,
261 563 348 586 alten'us
362 564 427 586 horae
443 570 498 592 aqua
511 563 565 585 mihi

80 598 135 621 opus
152 591 209 615 esset.
247 592 317 615 Pauca
329 608 336 619 ,
357 599 412 622 quae
431 593 454 614 in
469 591 565 613 medium

81 619 155 652 pttuli,
174 620 222 643 satis
234 636 241 648 ‚
260 622 351 650 opinor,
371 620 504 646 ostendunt,
524 626 565 642 nec

80 647 179 671 mutilem
191 649 248 676 fore,
263 656 303 671 nec
313 649 454 677 injucundam
467 655 564 677 operam,

81 682 146 705 quam
157 677 315 707 perspicaciores
328 679 352 700 in
367 685 391 701 re
401 678 456 700 tanti
467 683 565 699 momen⁴

81 706 97 726 ti
108 704 265 729 collocaverint.

108 762 184 785 Unum
197 759 238 785 hoc
252 759 274 785 su
290 762 344 786 erest
356 779 363 790 ,
386 766 412 790 ut
425 761 547 791 supremum
556 774 563 787 ,

99 795 124 812 ὀ
142 796 178 813 me
195 790 317 814 solemmter
338 791 413 813 abdico
426 806 432 817 ,
456 796 521 819 quem
536 795 564 811 ue

98 819 132 845 'u‚
142 817 258 842 suavissime
271 819 454 843 Hrmsmnusr!
466 818 524 846 capet
533 823 563 843 rs,

82 846 206 869 Academiae
223 848 371 876 Magistratum
388 846 441 870 Tibi
461 845 563 874 novitque

83 875 182 897 omnibus
195 881 259 905 quarn
272 875 415 898 feliciffimum
426 877 506 904 optem.

197 933 425 964 ,DIXL
