653 1114
110 120 139 141 fe
251 110 420 136 SERMO
449 113 466 135 1.

111 167 171 196 poris
181 167 288 188 rationem
299 165 351 188 hinc
361 165 485 188 hahendam
495 162 536 188 effe
549 165 602 187 arbi-

112 198 198 218 trantur
206 210 213 221 ,
237 201 309 221 arum,
324 195 401 224 opinor
410 210 417 222 ‚
432 195 538 228 cogitant,
550 201 603 223 quo-

113 224 156 247 ties
169 224 202 247 fac
227 226 281 245 tates
298 222 410 252 moresque
425 224 499 246 Ammi
517 225 603 244 muten-

114 255 167 279 tur,
184 258 234 274 cum
250 254 289 273 aut
304 255 375 278 aetas,
393 255 430 273 aut
447 251 547 277 morbus,
564 253 603 272 aut

115 280 168 303 aliae
179 279 300 307 hujusmodi
308 279 381 302 causae
392 279 604 308 Temperamentum

116 309 217 338 Corpoxis
228 309 367 330 mutaverint.

143 349 178 372 Ita
191 354 221 370 ue
234 346 285 376 pers
296 348 369 369 icuum
383 346 424 369 esse
433 346 542 375 existimo,
556 354 605 369 non

115 376 174 407 poffe
205 375 285 405 hiiosop
302 383 341 398 um
359 375 438 398 auxilio
455 376 535 399 Medici
549 383 606 398 mre-

117 413 156 433 ῐε,
175 404 241 427 sicubi
259 407 297 426 aut
310 405 452 432 cognoicendi
465 405 547 427 fuerint
561 405 606 427 Ho-

117 435 204 457 minum
218 433 302 460 Animi,
315 436 353 454 aut
367 432 474 462 disciplina
488 433 606 455 emendan-

118 462 148 485 di.
178 462 232 489 Quis
244 462 315 488 enim,
327 464 410 489 praeter
424 462 535 485 Medicum
543 478 550 489 ‚
564 461 606 484 fin-

128 489 194 513 'ulare
212 489 302 516 cujusvis
318 489 528 518 Tempta-amentum
541 498 607 519 expo-

118 498 184 542 {ierit
197 518 207 541 ἲ
231 518 285 545 Quis
309 517 397 540 cuilibet
420 518 478 541 Tem
494 522 607 541 eramento

119 548 228 578 propriam
243 547 324 569 Mentis
336 547 474 575 capacitatem
485 565 491 569 .
511 548 565 575 Quis
579 548 608 570 A-

120 576 175 598 nimi
186 578 270 602 motus,
287 576 308 597 Sc.
319 574 458 603 cupiditates,
472 576 494 597 &
508 577 571 602 vitia,
583 577 608 597 in

120 611 192 634 quae,
207 610 247 625 nec
261 602 338 624 eadem
354 602 450 631 semper,
471 611 512 626 nec
529 603 608 626 eodem

121 634 205 661 impetu
215 647 222 659 ,
244 637 284 660 pro
305 631 363 652 varia
384 631 484 660 Corporis
507 632 608 654 constitu-

121 662 182 683 tione
195 675 202 687 ,
226 658 331 682 Homines
353 659 475 682 feruntur?
504 660 535 683 Ut
548 661 609 683 enim

123 696 171 711 non
182 694 271 710 omnem
284 686 370 715 frugem
380 703 387 714 ,
404 695 476 717 neque
491 689 591 711 arborem
601 704 608 716 ‚

122 718 147 740 in
165 717 225 739 omni
241 722 292 744 ξω
308 716 401 744 reperire
418 715 482 746 possis
495 725 502 745 ;
520 716 549 746 fig:
561 723 609 739 non

123 746 196 768 omnis
208 747 245 767 aut
259 745 339 770 virtus,
353 747 390 766 aut
406 746 496 772 vitium,
511 746 536 768 in
548 746 610 768 omni

122 774 308 802 Temperamento
317 771 408 794 nascitur
417 780 422 795 z
438 773 519 802 aliquid
528 774 609 802 ubique

124 803 146 825 δι
163 802 216 824 boni
234 802 254 823 δι
273 800 324 829 mali
344 800 375 822 est
389 817 395 828 ,
417 805 439 824 at
460 801 566 825 diversum
584 802 610 825 in

123 830 228 860 quolibet.

151 875 181 898 In
194 874 325 903 Temperie,
339 880 404 902 quam
415 878 505 902 vocant,
520 874 611 903 Sangui-

123 909 167 926 nea
185 904 207 924 in
225 904 300 924 eninm
314 901 382 923 docile
393 917 399 928 ‚
414 907 552 932 promptum,
565 903 611 925 ani-

125 937 187 954 mum
200 929 216 952 li
244 929 311 952 talem
329 937 353 951 ac
371 929 481 957 flexilem,
497 932 611 953 comitatur

126 960 220 986 incuria,
237 957 394 988 imprudentia,
411 959 615 983 inconmsss

582 1033 598 1045 ie
