653 1114
75 101 123 126 *¹4²
210 93 378 117 SERMO
408 93 438 118 ll.

79 155 123 178 quo
133 148 208 170 minus
219 155 268 170 eain
281 148 309 170 ob
320 147 403 170 eausam
417 148 493 170 alienis
502 146 570 177 impli-

79 184 154 200 cemu:
165 177 260 205 negotiis
270 192 277 204 ‚
294 184 350 206 quae
359 176 394 199 vel
408 176 570 206 prudentiffime

79 205 179 233 tradiata,
191 212 239 228 raro
252 209 298 228 tam
313 205 402 228 feliciter
414 205 570 232 conficiantur,

78 238 105 257 ut
120 234 228 257 devoratis
246 234 322 257 taediis
337 242 375 264 par
395 235 462 264 gratia
476 238 570 264 reporte-

79 266 122 286 tur.

108 292 136 315 In
145 291 221 314 mntai
238 290 281 314 itur
290 290 426 314 occasionum
432 307 438 318 ,
445 291 524 321 quibus
533 291 571 313 ho-

79 321 151 343 mines
159 327 223 349 perce
233 320 471 349 luntur,regundaruin
480 319 571 342 difficul-

79 353 137 377 tate,
149 348 191 371 hoc
200 356 272 371 unum
286 349 378 373 Medicis
390 348 495 378 superest,
506 352 532 372 ut
543 349 570 371 ad

78 377 145 408 iplius
152 378 220 400 animi
228 378 328 407 regimen
336 377 377 400 sese
387 381 516 401 convertant
525 385 571 400 om-

79 408 146 437 nique
161 406 230 429 studio
246 408 267 429 &
287 414 337 429 cura
357 414 383 429 eo
400 408 511 429 enitantur
523 422 530 433 ‚
545 410 570 429 ut

79 438 148 459 'znmzr
160 434 214 457 illud
224 451 231 462 ,
247 437 309 463 cujus
322 436 447 458 incitatione
461 435 570 458 humanae

80 467 168 487 mentes
181 465 246 487 toties
261 465 285 486 in
301 464 456 487 detrimentum
474 471 510 486 cor
527 464 569 486 oris

78 492 212 515 transversae
222 493 368 526 abripiuntur,
376 496 473 515 coercere
481 493 502 515 ‹li
511 496 569 520 cant,

78 521 186 543 moderari
192 525 257 551 atque
267 529 290 543 m
298 521 397 547 ordinem
404 521 508 550 redigere.
524 522 570 544 No⁴

78 549 117 572 lite
125 553 200 572 tamen
211 549 342 577 existimare,
351 550 477 577 Auditores‚
487 550 570 573 Stoico-

78 586 129 601 rum
141 585 178 601 me
189 578 298 601 addictum
312 578 390 605 seche,
417 586 467 601 uam
481 579 517 601 sua
532 577 570 601 dis-

79 605 159 636 ciplina
172 607 280 630 inculcare
294 607 358 630 Zeno
373 608 412 631 Phi
422 607 514 637 osophus
527 607 570 629 frn-

78 635 120 658 stra
126 639 218 658 conatus
230 635 274 663 est,
284 638 366 657 ,ι’τέθειαι
372 637 509 659 Medicorum
519 643 570 665 ope-

79 671 103 686 ra
111 665 135 686 in
146 665 231 687 animos
244 664 361 687 hominum
371 665 445 688 induci
458 664 516 694 posse
532 668 570 687 aut

78 692 161 743 izerare
168 709 174 719 ‚
182 697 219 715 aut
227 697 335 722 expetere.
367 694 473 723 Equidem
482 696 569 716 tantum

79 729 91 744 a
107 720 149 748 est,
159 725 184 744 ut
192 723 222 744 ita
232 721 333 749 sentiam,
342 726 367 745 ut
376 723 440 744 etiam
449 722 511 744 valde
522 729 570 751 pro-

79 750 142 777 bem,
152 757 207 780 quae
219 751 330 773 Herodem
342 751 440 773 Atticum
451 750 527 773 dehoc
539 750 570 772 lo-

78 785 104 801 co
111 778 210 801 adversus
219 779 305 802 Stoicos
315 779 428 801 diss‘eruiss‘e
435 778 519 802 Gellius
525 785 570 800 me-

79 811 161 835 morat,
171 807 205 830 lan
224 815 275 830 uere
288 808 391 830 nimirum
401 808 484 830 animos
493 814 517 829 ac
527 810 570 830 tor-

79 842 142 869 pere,
156 835 209 858 affec
220 837 296 859 ionum
311 836 446 859 adminiculis
459 837 553 865 privatos
561 850 568 861 ,

77 863 172 893 istosque
186 865 285 894 apathiae
299 864 412 887 sectatores
427 864 522 887 Thracio
537 863 569 886 illi

78 892 164 915 homini
176 892 255 915 ssmiles
265 892 319 920 esse,
346 894 368 916 ni
378 894 432 916 ruris
443 892 529 915 colendi
537 893 569 914 in-

79 920 161 949 solens,
168 929 219 944 cuin
226 923 321 944 vicinum
339 925 385 944 orte
393 920 503 948 vidisshna
516 927 569 943 rum

80 948 163 979 suumn
177 951 236 973 rubis
249 954 381 980 purgantem
390 965 397 977 ,
412 951 467 972 vites
476 966 483 977 e
497 956 510 971 o
520 955 568 976 eas,
