653 1114
115 88 142 107 16
243 86 455 110 SERMOI.

113 141 176 161 tuum
189 146 265 162 eorum
281 142 435 164 commercium
450 143 599 167 circumscribi-

112 170 158 195 tur,
171 171 197 191 ut
204 168 287 198 Corpus
302 169 372 200 aliqua
386 174 472 193 tantum
484 171 515 194 sui
541 177 598 200 arte,

113 197 134 218 &
147 203 173 219 ea
188 197 286 226 quidem,
301 200 326 220 in
340 206 383 228 qua
395 199 475 223 Sensus
489 201 510 223 &
537 201 599 225 lotus

113 224 228 248 voluntarii
238 231 378 255 exercentur,
390 235 441 249 cum
449 229 527 252 Mente
540 237 598 252 com·

111 255 220 282 municet3
233 254 315 284 rehqua
323 260 395 278 autem
406 256 455 279 suae
463 256 544 287 spontis
554 257 581 280 fit
589 273 597 286 ‚

112 282 185 312 resque
196 281 242 305 suas
255 283 293 306 fibi
307 284 395 312 habeat,
416 292 548 316 omnemque
560 294 598 308 vo*

111 310 189 334 luntati
199 311 345 335 obedientiam
355 317 427 342 neget.
457 314 510 337 Eam
525 315 552 337 ob
566 322 604 337 rat

111 341 195 362 tionem
209 340 253 362 duo
267 342 331 363 etiam
343 341 392 364 sunt
405 342 543 365 functionum
552 343 598 366 Ho-

111 369 175 391 minis
188 368 288 391 Ordines.
316 370 368 392 Pars
381 372 441 392 enim
455 378 481 393 eo
497 372 562 393 modo
575 371 597 393 se

111 397 200 423 habent,
212 401 237 420 ut
246 398 384 421 manifestum
394 398 432 424 fit,
446 405 490 421 una
503 399 529 421 ad
535 399 599 422 Men-

111 428 157 447 tem
165 429 229 454 atque
241 426 268 447 ad
277 425 308 448 Co
334 432 360 447 us
371 427 495 454 pertinere3
511 428 598 454 quando

111 452 147 476 vel
162 460 190 476 ex
204 453 290 475 arbitrio
300 453 315 476 R
326 454 383 476 eutis
395 454 419 475 in
429 454 523 482 Corpore
539 461 599 483 pera*

111 485 205 510 guntur,
219 481 253 503 vel
270 488 298 503 ex
310 483 398 504 mutatis
410 482 511 511 Corporis
526 481 599 504 condi-

110 510 206 533 tionibus
218 510 243 532 in
252 510 330 533 Mente
346 509 447 533 existunt.
477 510 537 533 Aliae
548 517 599 533 con-

111 542 155 565 tra,
166 545 260 568 eaeque,
272 537 315 561 five
326 546 442 561 numerum
449 538 529 568 spectes
536 555 542 565 ,
554 538 599 561 five

111 566 268 594 necessitatem,
285 568 390 596 potiores,
411 574 471 589 mere
484 574 599 597 corporeae

111 595 171 622 sunt,
181 599 247 625 atque
255 599 317 618 tanto
325 595 386 618 velut
394 595 507 618 intervallo
516 603 528 618 a
535 596 599 619 Men-

111 627 134 647 te
146 627 242 646 remotae
250 639 257 651 ‚
270 627 294 645 ut
303 631 348 645 non
360 624 425 645 modo
437 631 484 646 non
493 625 599 653 imperan-

111 654 147 679 te,
161 651 197 675 sed
211 659 253 674 nee
266 651 384 679 sentiente,
406 653 457 682 quin
473 660 503 675 ne
517 652 599 675 conscia

111 681 207 710 quidem,
220 682 241 703 δι’,
249 679 285 703 vel
292 681 359 702 invita
365 681 437 707 etiam,
447 685 599 703 exerceantur:

127 716 157 732 uo
174 709 249 731 referri
266 708 343 731 debere
358 708 405 731 illas
422 716 498 731 omnes
509 725 515 736 ‚
544 716 599 738 quae

128 738 204 762 {edin-is
210 737 292 761 vitales
303 742 366 767 atque
372 738 488 761 Naturales
496 738 587 760 audiunt
592 752 599 763 ,

113 767 197 789 nemini
219 767 223 771 '
241 770 318 788 notum
338 765 378 788 effe
400 765 474 795 potest.
513 766 601 788 Etenim

113 794 182 822 velit,
201 772 257 817 nffiit
269 794 342 817 Homo
351 810 357 822 ‚
377 795 452 824 accipit
464 794 506 817 Cor
519 794 553 816 san
570 794 601 816 υἰ-

114 830 167 846 nem
179 822 324 852 expellitque,
342 825 425 845 micant
433 824 540 849 Asteriae,
573 823 601 844 fe-

115 859 157 874 nae
174 851 201 874 ad
212 851 254 874 Cor
267 851 377 874 revehunt
386 868 393 878 ‚
412 851 601 873 circumducuntur

115 880 236 907 Hummes,
250 880 311 902 cibus
320 887 345 902 co
362 881 431 905 uitur,
448 880 540 902 nutritur
551 879 602 902 Cor-

130 907 177 936 usJ
203 912 225 931 at
239 915 268 930 ue
285 907 326 930 alia
340 909 355 930 i.
393 914 447 930 enus
462 907 601 934 efficiuntur,

139 944 220 967 umque
225 915 316 965 c{iugula
331 936 382 966 xhyt
421 943 459 958 um
466 943 490 958 ac
503 941 615 984 ²⁶²&ssfo
