653 1114
83 85 100 106 '6
223 84 389 108 SERMO
421 86 439 109 1.

86 136 153 166 dispar
163 138 217 160 ratio
229 139 310 167 exigit,
324 141 349 161 ut
360 138 391 161 illi
418 146 504 169 uoqne,
522 146 574 168 quo-

84 173 134 189 rum
151 165 247 190 officium
267 166 298 190 est
308 168 391 196 Corpus
404 146 532 191 {Iunianum
547 167 574 189 ad

84 194 197 218 sanitatem
212 195 303 225 dirigere
312 212 318 223 ‚
337 196 388 225 quid
396 197 469 221 Animi
483 197 506 218 in
520 195 574 217 iilud

113 223 177 247 testas
190 224 268 247 addere
282 227 318 247 aut
327 232 436 254 apponere
445 224 486 247 suis
495 225 574 247 conati-

83 231 126 277 {gs
136 252 221 280 valeat,
236 252 350 281 diligenter
363 253 504 276 considerent.

111 302 199 325 Etiamfi
212 303 279 331 igitur
289 302 383 332 quaestio
393 303 419 325 de
429 302 573 326 Facultatibus

83 330 166 354 Mentis
173 332 300 358 Humanae,
316 331 434 361 lim-umque
446 332 573 360 gubernatio

84 359 111 382 ad
124 359 267 389 Philosophos
281 361 345 382 unice
362 360 489 389 proprieque
510 361 574 389 perti-

84 395 137 410 nere
155 388 253 411 videatur
266 397 272 416 ;
293 388 462 411 animadvertitis
480 392 554 411 tamen
565 405 572 416 .,

83 416 109 439 Α.
120 417 147 440 Ο.
160 417 187 440 0.
197 417 226 440 H.
239 421 323 446 partem
334 418 380 445 ejus
395 416 421 439 ali
437 425 487 439 uam
502 425 513 442 a,
525 417 572 439 foro

83 445 170 468 Medico
180 449 225 468 tam
232 453 308 475 parum
319 453 405 496 quoflue
417 453 428 468 a
438 446 508 468 'enam
518 445 572 473 effe,

83 477 110 496 ut
121 481 172 496 cum
183 481 212 502 ηε
241 481 263 496 re
289 475 322 496 uis
347 482 360 496 ο
378 474 407 501 it,
422 474 513 497 Medicis
523 481 574 496 con-

83 503 171 530 venire,
181 481 472 532 phffgsopcsmndlimffiledicis
484 501 525 528 effe
536 510 573 525 ne-

83 537 134 559 gare
143 538 190 556 non
198 530 268 561 poffit.

112 577 174 605 Qzae
187 585 237 600 cum
250 579 281 600 ita
293 577 345 605 sint,
360 578 418 600 haud
431 577 522 606 amplius
536 578 573 600 du-

82 606 142 634 bito,
159 606 188 629 H.
201 606 228 630 O.
240 607 267 630 O.
279 607 308 629 Η.
319 607 431 629 materiem
442 607 509 629 Vobis
520 606 573 628 indi-

83 642 144 662 case,
161 635 188 658 de
197 643 252 665 qua,
269 643 320 658 cum
332 635 385 659 dura
395 635 417 658 le
433 636 450 657 is
461 635 572 659 necessitas

83 664 114 686 ita
126 664 187 691 jubet
197 680 204 692 ‚
224 664 355 687 Sermonem
371 664 410 686 hac
441 671 477 687 ora
492 664 572 685 habere

85 692 175 715 decrevi.
204 692 283 715 Dicam
295 693 374 722 quippe
388 692 415 715 de
426 692 521 715 Mmms
530 692 573 718 ΚΕ,

85 727 182 752 mmmm,
194 728 256 747 quon
262 722 410 747 Mzmcoxuni
421 728 470 743 EST.

111 768 149 791 De
163 775 189 790 eo
204 771 277 791 autem
287 775 338 791 cum
347 768 384 791 diu
396 770 460 796 atque
472 768 546 790 acriter
560 775 572 789 a

81 796 175 820 Medicis
188 796 222 818 dis
233 800 318 819 utatum
331 795 357 818 fit
367 812 373 824 ‚
393 803 433 818 nec
446 803 490 819 una
504 797 573 818 omni-

83 825 125 849 bus
134 824 242 848 sententxa
248 825 331 853 sedeat;
347 831 372 848 ut
383 825 461 849 idcirco
472 825 496 847 in
505 825 573 847 diver-

81 852 115 881 ‚sas
124 855 189 876 etiam
197 854 286 876 curandi
294 855 339 878 vias
348 852 494 883 processerint:
504 852 571 875 nolite

82 885 189 910 metuere,
197 889 226 905 ne
233 882 317 912 prolixa
324 886 508 911 argumentorum,
517 888 572 912 quae

83 912 108 933 in
117 914 232 940 utramque
244 915 327 940 partem
338 910 477 940 proferuntur
486 926 492 937 ,
507 917 572 939 expo-

81 937 160 966 sitione
169 940 217 965 Vos
228 940 360 963 obtundam!
379 938 417 962 Est
432 939 491 961 enim
502 937 573 967 hujus-
