653 1114
142 106 474 130 ACADEMICUS.
531 114 560 134 55

74 161 130 184 intra
149 160 302 183 mediocritatis
321 160 428 183 cancellos
449 161 560 184 continea-

74 193 126 216 tur;
145 188 263 211 dummodo
280 190 304 211 in
323 188 362 211 ufin
382 196 457 212 eorum
470 205 477 216 ‚
501 197 558 219 quae

74 217 194 240 conducere
212 216 314 247 possunt,
332 216 380 240 fittis
399 218 514 247 diiigentes
528 222 559 241 at-

73 253 115 276 que
129 245 204 268 affidui
215 245 257 269 effi:
271 246 372 280 homines
385 246 460 269 velint.

100 303 244 330 Quotidianae
260 302 412 326 observationis
431 303 462 327 est
474 320 482 332 ‚
512 304 557 327 Ho-

72 332 142 354 mines
155 333 178 354 vi
190 333 265 354 aetatis
280 335 316 354 aut
330 332 455 355 morborum
466 349 473 359 ,
489 340 557 361 quan-

72 360 142 390 doque
157 361 222 383 etiam
235 360 263 382 ob
278 363 386 382 mutatum
401 361 458 383 vitae
470 368 556 390 genus,

71 390 95 411 in
112 388 171 411 aliud
188 393 252 418 atque
271 388 329 411 aliud
347 389 558 418 Tempemmentum
594 390 598 393 ’

71 416 166 439 tranfire.
195 418 248 440 Non
262 418 327 445 igitur
356 417 458 446 uidquam
472 417 556 445 obstat,

72 453 115 475 quo
129 446 202 469 rninus
220 446 241 468 &
253 445 334 469 Medici
358 446 390 468 uis
406 446 465 468 idem
480 445 556 469 instru-

71 476 151 497 mentis
167 473 252 496 efficere
268 473 361 499 valeant.
394 474 507 497 Notiffima
520 482 555 497 res

72 502 117 529 est,
137 502 232 525 excess'us
244 518 251 529 ‚
275 502 353 532 quibus
371 502 556 532 Temperamenta

71 531 179 560 quaelibet
197 531 312 557 laborant,
331 532 450 560 incongrua
465 532 554 554 vivendi

71 560 153 581 ratione
170 559 269 586 intendi,
285 563 349 588 atque
367 561 390 581 in
405 560 492 582 morbos
507 567 553 581 non

70 595 117 610 raro
126 587 252 617 turgescere.
267 587 317 611 Sola
327 591 384 610 certe
396 587 505 616 sanguinis
519 588 554 610 ab·

70 616 173 638 undantia
183 616 290 649 plerisque
303 618 406 644 majorem
420 617 478 639 addit
488 616 553 639 vehe-

70 646 181 667 mentiam.
217 644 272 672 Quis
291 645 363 674 itaque
385 652 465 674 negare
484 644 552 672 aunt,

71 673 115 695 dari
130 674 195 695 etiam
212 673 350 700 huiusmodi,
365 681 430 702 quae,
452 673 490 696 etsi
506 681 553 696 non

70 705 155 723 mutant
166 717 172 728 ,
190 701 331 723 excedentem
345 705 418 723 tamen
433 702 553 724 eorundem

70 730 114 751 virn
125 730 252 755 retundere,
267 730 415 759 impetumque
427 731 554 759 comprime-

70 764 93 779 re
114 757 213 786 poffint?
235 758 343 785 Quoniam
358 762 430 780 autem
439 775 445 785 ‚
459 758 518 787 quod
528 759 552 781 in

69 786 94 808 iis
109 787 198 809 nimium
215 785 260 813 est,
278 786 380 809 Animum
392 788 504 815 praecipue
521 786 552 809 of-

69 813 137 837 fendit
146 831 152 842 ‚
171 814 335 843 inteliigentiam
347 815 419 837 turbat
434 819 471 836 aut
486 815 551 836 hebe-

68 845 116 870 tat,
135 842 270 866 voluntatem
288 842 314 865 ad
328 843 378 865 vitia
394 842 483 865 inciinat
497 858 504 870 ‚
523 842 551 865 ad

69 872 158 894 virtutes
178 871 265 899 segnem
285 871 373 896 re‹ldit;
398 872 440 893 hoc
461 871 551 893 tandem

69 899 257 922 manifeffiffimum
276 898 316 921 esse
336 899 424 921 arbitror
444 915 450 926 ,
485 906 551 928 quarn

83 928 116 949 uis
129 928 155 950 ad
167 927 204 950 ista
216 928 298 951 Mentis
311 928 464 956 impedimenta
476 935 488 949 a
503 928 551 950 Me-

70 933 119 978 aicis
135 962 199 980 opem
212 955 354 985 requisiverit,
371 963 415 977 non
427 955 551 977 modo-non

322 984 386 1019 D4·
