653 1114
183 62 512 109 ACADEMICUS.
563 92 587 110 τι

105 135 192 158 alterius
205 140 327 165 congruant
340 141 404 166 atque
420 137 545 161 examuffim
559 145 591 161 re.

104 163 237 193 spondeant:
252 172 338 192 nonne,
349 166 382 188 his
390 167 419 188 ita
426 165 446 188 se
453 166 590 194 habentibus,

105 192 209 220 eiusmodi
222 193 336 217 amborum
351 201 452 223 apparere
467 195 598 223 conjunctio

105 221 185 248 debet,
200 225 225 244 ut
241 224 287 251 jugi
299 224 427 245 commercio
441 224 465 245 in
479 223 498 245 se
514 227 591 247 mutuo

105 257 179 279 agere,
195 250 299 285 hujusque
312 251 406 273 afflones
417 251 524 274 actionum
533 251 591 275 illius

105 278 178 301 causae
188 282 225 302 aut
236 279 324 302 effeetus
334 279 375 302 effe
385 280 509 307 videantun
525 287 592 310 quan-

108 314 171 332 ,uam
185 315 208 330 re
221 308 265 337 ipsa
279 308 385 330 duntaxat
396 315 440 330 una
452 308 590 334 diversantm,

122 343 136 358 u
152 335 205 359 erest
213 352 219 363 ‚
233 338 258 359 A.
268 336 295 360 Ο.
305 337 332 360 Ο.
340 337 369 359 H.
381 340 406 359 ut
413 338 487 364 jamin
497 341 592 359 automa-

104 366 122 387 ti
132 373 135 377 ¹
151 366 217 387 terius
226 365 299 388 iocum
306 365 433 388 substituatis
443 366 553 392 Mentem,
566 366 592 388 in

105 392 191 415 alterius
202 393 233 415 Co
259 401 297 416 us:
313 393 340 420 fic
352 394 507 415 coneinnabitis
517 394 592 416 Homi-

104 429 158 444 nem
175 422 221 449 ejus
254 422 368 452 'ystenmtis
378 438 385 449 ,
410 422 444 444 cui
460 422 592 445 Harmoniae

104 449 260 473 Praestabiiitae
272 458 354 473 nomen
364 450 400 473 est.
429 450 537 473 Fabellam
549 452 592 474 Vo-

104 479 137 501 bis
149 480 244 506 narravi,
256 487 322 509 quam
330 480 413 501 novitas
425 479 591 507 commendavit,

104 508 263 530 conmendatio
274 508 405 540 divulgavit,
417 507 533 536 divulgatio
544 515 592 537 per-

103 535 190 565 polivit,
204 540 268 565 atque
276 536 381 565 plauhhili
387 537 481 558 veritatis
489 535 557 565 specie
562 536 592 559 sie

103 564 193 587 tandem
207 565 335 592 exornavit,
348 568 373 587 ut
387 564 448 593 supra
456 580 462 591 ‚
478 572 542 594 quam
555 572 592 588 ex-

103 593 196 622 speetare
207 593 314 616 Inventor
329 595 375 621 ejus
387 596 481 622 poterat,
492 593 591 616 faventes

103 621 204 644 habuerit
213 622 337 651 Sapientiae
347 620 466 650 Magistros.
487 621 591 644 Libenter

103 650 205 680 equidem
220 654 285 680 atque
297 650 354 673 ultro
371 650 449 679 largior
459 666 466 677 ‚
484 650 501 672 fi
513 651 539 673 de
552 650 591 673 illo

102 682 189 701 tantum
198 680 316 708 quaeritur,
325 679 508 708 quemadmodum
515 686 549 701 res
555 686 592 701 na-

103 711 151 731 tura
165 707 257 730 diversae
274 708 345 732 mutui
359 708 416 730 inter
432 706 453 729 se
469 708 591 730 commercii

102 736 116 759 s
127 737 195 758 eciem
203 738 290 759 mentiri
298 739 389 766 queant3
405 735 488 758 tametsi
499 735 559 758 nulla
566 737 591 758 in

112 772 124 787 e
138 766 232 786 invicem
249 765 328 794 agendi
346 764 454 793 gaudeant
473 764 590 792 facultate;

102 793 158 816 nihil
170 797 206 816 aut
216 793 362 822 ingeniosius,
379 796 417 815 aut
431 793 550 822 expeditius
564 793 591 815 ad

103 823 145 844 hoc
156 821 267 851 problema
276 821 432 851 exponendum
442 822 534 843 inveniri
545 820 591 850 pos-

103 850 130 873 se.
159 851 188 873 At
198 858 264 878 vero,
281 858 331 873 cum
345 850 422 877 video,
436 850 473 879 qui
490 850 547 872 idem
564 850 591 872 ad

102 880 222 902 Hominem
230 879 459 904 transserantcreatum
468 894 474 905 ‚
489 877 592 905 &ejusce-

103 907 162 929 modi
181 907 222 930 effe
236 908 319 931 Mentis
340 915 364 929 ac
378 907 419 929 Cor
435 908 477 929 oris
494 907 591 929 Humani

104 935 230 960 consensum
244 936 298 959 serio
312 943 359 959 non
375 936 417 959 exii
428 936 433 940 ⁸
442 938 496 957 nent
509 935 575 958 modo
583 952 590 964 ,
