653 1114
145 90 475 115 AcADEM1cvs.
513 100 554 122 ιη

73 144 180 168 fficFinem
190 151 236 166 non
253 145 362 167 inveniret
376 146 442 168 oratio
456 153 504 169 mea
513 162 520 174 ,
537 146 554 169 fi

78 179 130 201 quae
144 171 171 194 ad
185 172 243 194 hunc
253 171 324 194 locum
339 175 462 201 pertinent,
480 176 552 197 omnia

78 203 97 225 ει
111 200 191 229 fingula
205 200 284 223 vellem
297 208 421 230 exponere;
436 201 452 225 fi
465 210 552 225 enume-

77 236 120 253 rare
132 236 156 250 ac
170 236 208 257 pro
224 229 326 257 dignitate
345 237 420 253 ornare
429 247 436 257 ‚
456 238 510 260 quae
524 239 552 254 ex

76 259 116 280 hoc
127 256 189 279 fonte
202 258 225 279 in
237 264 314 287 corpus
328 257 437 281 dimanant
447 275 454 286 ‚
472 259 552 282 benefl-

77 288 117 313 cia;
130 288 189 308 tanta
213 286 304 312 rofecto,
318 289 343 308 ut
354 288 433 314 maiore
447 295 503 316 pene
518 295 552 311 co-

75 316 140 343 gina-e
149 320 193 335 non
199 293 279 341 1liceat,
291 321 345 343 quae
356 314 372 336 fi
379 314 482 342 abeffent,
491 316 551 338 nulla

74 342 108 366 vel
118 343 173 364 ritae
183 345 215 364 tot
223 343 279 365 inter
288 342 418 366 neceffitates
427 343 550 373 constantia,

75 371 108 393 rel
118 370 198 392 firmitati
206 370 303 393 adversus
315 374 347 393 tot
356 372 442 398 injurias
454 372 508 395 foret
518 374 551 395 in-

75 399 189 421 columitas.
220 399 253 422 Ex
265 398 337 421 multis
351 400 416 427 igitur
427 407 493 429 pauca
504 408 551 422 mo.

75 428 100 450 do
110 428 222 454 adducam⁷
232 430 295 456 atque
302 430 327 449 ut
337 435 348 449 ῖι
358 429 467 450 nativitate
474 429 550 456 ordiar,

88 455 124 478 uid
133 455 219 482 infanti,
232 462 279 477 cum
289 456 381 485 primum
391 457 414 478 in
425 455 494 478 lucem
503 464 550 486 pro-

75 486 113 511 (t,
128 485 148 506 ἃ
159 484 258 513 deinceps
266 484 349 505 homini
374 492 396 506 er
407 492 483 507 ornnes
495 489 549 508 aeta<

73 516 105 535 fies
114 513 181 540 magis
191 512 217 533 ad
225 513 291 533 vitam
299 519 350 534 nece
368 513 434 534 arium
442 512 477 539 est,
484 521 549 542 quam

73 540 192 563 rebiratio?
207 541 241 563 An
252 543 323 562 autem
332 548 409 569 corpus
417 542 495 569 putatis
504 549 549 564 mo-

72 573 95 591 tu
103 548 218 597 lpontaneo
225 568 313 597 spirandi
321 570 405 591 initium
411 569 494 591 facere?
506 571 549 593 Ma.

73 598 104 626 gis
114 596 212 619 credibile
220 597 315 619 animum
321 605 326 619 :
332 596 415 619 tametfi
425 598 482 619 enim
489 597 549 620 istius.

73 625 197 654 quaestionis
211 624 330 653 explanatio
342 627 460 648 etiamnum
470 625 549 648 defide-

73 657 140 681 ratur;
148 652 200 675 illud
210 657 283 675 tamen
292 654 348 675 inter
356 653 387 676 Ph
404 652 494 682 fiologos
504 654 549 676 lere

72 683 184 707 convenit,
192 681 272 703 sensum
280 682 371 710 aliquem
390 689 424 704 rve
434 682 548 710 moleffiae,

73 709 108 731 seu
121 709 246 732 neceffitatis
258 711 415 738 cujuscunque,
427 717 501 732 recens
513 718 550 732 na.

72 741 118 760 tum
129 746 154 760 eo
168 738 308 767 compellere,
319 739 339 760 ὃς
349 738 506 766 respirationem
516 739 549 761 in-

72 769 103 788 ter
117 766 162 788 illas
173 765 213 788 effe
228 766 359 792 functiones,
376 773 428 794 quas
443 773 481 794 pro
496 767 549 788 arbi-

72 795 111 816 trio
123 795 176 823 regit
186 794 347 822 moderaturque
357 795 440 816 animus
450 802 455 816 :
465 795 548 822 vagitus

72 824 134 844 etiam
145 830 169 844 ac
178 822 271 851 ploratus
280 823 391 843 comitatur
397 838 403 848 ‚
412 821 548 850 stimulisque

72 852 165 873 externis
183 850 209 873 ad
225 850 345 879 spirandum
360 851 444 872 incitati
465 849 549 878 potest,

72 885 121 900 curn
134 879 189 901 forte
204 878 309 906 languens
322 885 333 899 a
348 881 409 906 partu
424 885 482 906 puer
495 885 550 906 opus

72 906 171 929 inchoare
182 905 250 928 cess'at.
278 905 327 929 Post
339 907 392 928 aiiris
403 906 463 928 usum
474 913 520 928 non
529 913 550 928 a-

72 933 99 956 lia
110 943 132 958 re
145 936 227 961 minus,
237 942 302 963 quam
308 934 410 956 alimento
417 950 423 961 ,
434 941 504 956 carere
511 934 549 956 ho-

313 962 360 988 ΗΞ
