653 1114
115 115 155 137 104
241 110 404 141 SERMO
435 112 464 135 11.

112 166 177 192 atque
189 162 309 186 inflammat
317 180 323 190 ‚
348 171 475 193 uaecumque
485 163 556 192 surgat
565 165 596 185 in-

113 192 197 218 citatio,
207 192 261 214 nihil
273 193 336 215 admo
352 200 389 215 um
401 200 489 219 nocere,
500 192 535 215 std
546 193 596 215 utri-

113 226 157 249 que
168 221 239 250 potins
252 222 306 249 parti
320 221 451 244 benefacere.
492 221 552 272 (Bluae
561 227 595 242 res

112 255 165 271 cum
175 247 245 271 multo
255 248 316 272 aliter
328 249 348 271 se
361 249 450 275 habeat,
465 249 504 272 fac·
514 256 526 272 e
536 265 542 277 ,
552 248 597 278 spe-

113 283 149 304 ro,
155 277 178 299 id
186 277 239 299 mihi
247 278 370 300 concedetis
376 295 383 304 ‚
393 279 505 301 Auditures
512 294 518 304 ,
528 280 553 300 ut
561 284 597 299 ex-

114 312 150 328 em
164 304 185 328 la
204 305 230 328 ali
245 310 285 328 uot
303 305 376 335 paffim
399 307 461 328 obvia
479 306 596 335 proferam.

113 340 145 356 un
161 341 173 356 e
189 313 330 363 inteffiigatis,
348 334 440 357 alterum
457 334 512 358 istud
530 335 597 356 animi

105 366 214 390 *mo-tuum
241 370 305 390 enus,
321 363 387 385 ficubi
398 364 549 386 vehementius
561 369 597 384 ex-

114 390 187 414 arserit
198 407 205 418 ,
228 391 281 414 uuili
297 393 406 414 atrocitate
415 408 421 419 ,
437 392 482 422 pari
497 392 580 420 impetu
590 406 596 417 ‚

115 420 203 447 gemina
215 420 330 448 tyrannide
345 421 493 443 oeconomiam
504 420 596 449 corporis

115 449 242 477 opprimere.

102 500 139 525 25
145 505 219 528 Taceo
229 520 236 532 ‚
249 512 277 527 ne
293 504 380 533 longius
395 505 500 527 discedam
509 521 515 532 ,
528 503 597 527 tristes

117 532 178 556 effufi
193 532 245 555 risus
261 533 422 556 consecutiones
433 549 439 561 ,
458 534 495 563 qui
511 532 598 555 stolidae

117 568 189 584 comes
197 561 289 583 laetitiae
298 569 347 584 curn
354 564 378 584 in
386 561 493 584 violentos
503 568 599 590 prorum-

116 591 148 619 pit
160 593 233 612 motus
243 606 249 616 ‚
271 589 381 613 multoties
401 590 509 619 sanguinis
524 589 584 619 sputa
592 605 599 616 ,

132 618 240 641 leuritides
248 634 254 644 ,
267 619 455 647 peripneumonias
465 635 471 645 ‚
485 619 550 640 animi
564 618 598 640 de-

147 648 192 674 uia,
203 646 353 669 convulfioncs
365 647 429 670 &Vel
440 650 520 669 mortes
533 646 599 668 infert

117 675 141 698 su
156 675 244 697 itaneas.
278 676 325 698 Nec
337 676 460 698 memorabo
473 682 548 704 graves
563 681 598 697 eas

118 703 205 733 quidem
212 719 218 730 ‚
227 702 262 725 sed
272 711 317 725 non
327 705 444 726 immeritas
455 703 540 725 illorum
549 709 600 732 poe-

118 739 170 759 nas,
197 732 220 754 ui
233 738 296 754 caeco
312 731 441 755 efl'mename
453 731 547 754 libidinis
561 732 600 754 im-

118 763 171 793 petu
182 767 194 782 a
209 761 274 789 repti,
288 767 327 789 pro
334 760 371 782 suo
381 762 472 790 quisque
484 760 583 782 instinstu
592 774 599 786 ‚

117 795 142 810 m
158 795 223 810 omne
238 787 374 817 voluptatum
394 795 463 817 genus
497 791 599 813 romunt,

118 817 258 839 immoderata
270 817 326 839 vitae
336 818 418 839 ratione
427 817 497 839 stachs
511 820 600 839 naturae

118 845 198 867 viribus
211 844 300 866 tandem
314 844 455 867 defiitisentes.
483 843 525 867 Isszt
539 844 600 866 nimi-

118 880 168 896 rum
181 872 219 895 etsi
229 873 326 902 primitus
339 873 365 895 ab
379 873 445 895 animi
457 873 600 901 intemperan-

119 902 150 924 fla
168 900 300 928 nascuntur,
319 901 442 923 secundaria
460 904 535 922 tamen
551 900 601 922 sunt

145 929 271 959 apim-esque
277 930 300 951 in
308 936 396 958 corpore
404 930 463 958 prius
470 929 544 951 vitiato
553 935 602 950 cau-

118 936 166 984 gs,
179 957 255 987 quibus
270 957 393 984 debentur,
409 956 533 985 agnoscunt.
561 956 602 978 Po-
