653 1114
87 97 115 118 26
216 93 430 117 SERMOI.

84 146 145 172 uu’le'
153 150 191 170 aut
204 148 297 170 noxium
305 163 312 175 ‚
325 147 423 177 adeoque
433 146 524 170 amabile
536 150 574 170 aut

85 175 214 199 detestabile.
246 176 278 199 Ea
291 177 393 206 cogitatio
407 183 476 206 quum
491 175 512 198 se
526 177 574 204 jun-

101 205 116 227 't
126 205 157 227 rei
166 203 274 232 cuiusdam
283 205 344 228 ideae
351 221 358 232 ,
365 212 420 234 quae
426 206 506 228 Animo
514 211 574 234 prae-

83 211 133 258 {ins
151 232 196 261 est,
215 240 268 256 mox
282 233 420 263 perturbatus
434 233 473 256 iste
489 234 572 263 impetu

83 261 145 287 velut
158 262 261 291 abripitur
272 279 278 290 ‚
298 270 323 285 ac
336 264 380 290 jam
391 261 517 285 turbulente
527 269 573 284 om-

84 291 120 313 nia
131 290 241 320 longeque
253 291 325 319 aliter,
336 298 401 323 quam
413 294 478 319 ante,
492 291 572 319 cogitat

84 320 105 342 &
113 319 171 343 facit,

111 373 195 396 Nonne
210 374 380 400 Grammaticus,
394 373 433 396 ubi
444 372 544 396 Pisonem
559 380 571 396 a

83 401 188 424 Cicerone
197 401 288 424 Asmum
299 401 422 431 compellari
432 401 496 431 legit,
506 409 571 424 vocu-

82 429 127 454 lam
140 429 201 452 istam
215 429 287 453 sedato
297 431 371 453 animo
384 430 525 459 contemplari
533 446 540 458 ‚
549 437 571 452 o-

82 459 176 487 riginem
186 460 233 486 ejus
242 475 248 486 ‚
261 458 405 488 lignificatum
418 458 523 488 usumque
535 466 571 481 va-

81 488 137 510 rium
143 503 150 514 ‚
159 487 241 510 summa
248 487 402 517 tranquillitate
410 487 538 516 investigare
546 495 570 510 ac

82 523 192 545 exponere
226 515 280 541 otest
297 517 306 539 ἓ
326 516 361 539 *At
380 523 431 538 cum
449 517 569 539 convitium

81 544 137 570 istud
150 544 176 567 ah
192 552 204 567 a
218 544 308 567 versario
323 544 361 567 suo
377 545 401 567 in
416 544 483 567 semet
496 545 569 567 evomi

58 592 62 594 ,
81 572 196 601 intelligit,
214 575 288 601 &jam
301 573 367 601 hujus
381 574 440 595 vocis
456 573 516 595 ideae
534 573 569 595 ad-

79 602 178 630 iungitur
195 603 296 630 cogitatio
309 602 454 624 contumeliae
469 601 508 624 fibi
524 601 568 624 illa-

79 634 115 654 tae
124 646 131 657 ‚
153 630 267 660 bonaeque
283 630 445 653 existimationis
460 629 509 653 suae
523 631 569 652 vio-

79 658 153 682 latae:
173 662 221 681 tum
236 666 288 681 vero
301 662 383 688 quanta
396 658 467 681 statim
485 662 568 688 pertur-

80 687 138 710 batio
149 703 156 715 ‚
177 694 242 717 quam
263 687 385 710 vehemens
404 688 498 716 impetus
516 688 568 710 Ani-

79 723 142 741 mum
155 715 216 745 saepe
229 715 372 740 transversum
382 717 442 745 agit!

107 776 167 803 Quid
180 776 277 806 pluribus
292 775 398 805 exemplis
410 776 481 804 opus?
500 783 567 805 quan-

78 804 107 827 do
122 804 181 827 domi
194 805 272 834 cuique
284 804 333 828 suae
344 806 409 827 etiam
420 805 484 826 nimis
497 804 566 827 multa

78 833 174 862 quotidie
186 833 308 856 nascuntur.
338 834 403 856 Vetat
428 840 500 862 uoque
509 832 566 855 insti-

77 862 120 884 tuti
131 862 173 884 mei
187 863 241 891 ratio
255 861 395 891 superaddere
410 862 465 888 aia,
481 868 535 890 quae
550 862 566 883 i-

78 889 131 912 stam
143 897 189 912 rem
201 890 237 913 vel
254 890 346 913 limitare
358 890 465 916 exactius,
480 889 516 912 vel
530 897 566 912 cu-

78 918 180 941 mulatius
189 918 292 941 illustrare
301 918 396 948 possent,
408 918 424 942 fi
435 918 506 941 dedita
515 925 565 948 ope-

77 953 101 972 ra
114 947 155 969 hoc
166 947 214 969 loco
226 947 375 981 pertractanda
386 947 452 971 foret.
