653 1114
136 117 165 139 76
258 111 465 135 SERMOL

133 166 233 189 culmtem
251 165 343 188 relevare
356 180 363 192 ‚
378 164 478 186 roborare
488 179 496 191 ‚
515 170 591 186 acuere
604 180 612 192 ‚

133 194 244 223 cujuslibet
256 194 307 216 vitia
323 193 426 222 corrigere
436 208 442 219 ‚
457 191 612 221 propenfiones

131 224 240 253 inprimis,
255 222 365 247 instindlus
375 238 381 248 ‚
400 223 494 249 impetus
509 220 612 250 quoscun-

145 259 173 274 uc
181 267 188 279 ‚
205 251 343 279 comprimere
353 266 360 277 ‚
386 250 475 272 incitare
485 265 493 276 ,
515 249 612 272 modera-

130 287 164 307 τι,
182 283 206 302 ut
223 279 264 301 fert
278 278 387 301 neceffitas
401 294 408 304 ‚
426 277 537 306 poffimus.
574 279 611 301 An

129 306 243 333 molitionis
257 307 380 335 magnitudo
397 310 503 328 terrorem
513 307 610 329 incutit?

129 336 157 360 At
171 335 248 358 maliis
262 335 325 358 rebus
338 338 425 358 tantum
437 334 496 357 abest
504 350 510 362 ,
529 338 554 357 ut
565 335 610 357 ani-

128 371 188 386 mum
198 364 250 387 haec
259 364 351 391 deficiat,
368 367 394 385 ut
404 367 480 386 contra
490 362 527 385 vel
538 371 561 385 m
591 364 596 368 '

127 393 190 415 ctiam
204 392 309 415 accendat.
345 392 379 415 Ne
395 399 423 414 ue
441 391 537 421 profeRO
552 392 559 414 i
584 399 608 414 m

142 420 240 443 erabilem
253 421 299 450 quis
314 420 366 443 aufit
396 421 466 447 ’σει-ε,
487 421 524 449 qui
539 428 607 449 pauca

126 448 162 470 illa
173 464 179 476 ,
193 456 245 478 quae
266 448 395 471 observando
414 449 441 470 de
462 448 501 470 issa
517 450 606 470 materie

125 478 396 503 innotuerunt‚accuratius
409 477 535 506 perpendat.
554 477 606 501 Sola

124 505 196 528 Febris
208 509 312 536 quantum
324 507 348 527 in
361 507 441 529 Animo
455 505 560 528 mutando
569 513 606 527 va-

123 532 181 562 leat,
197 533 285 563 quaeso,
300 533 478 563 contemplemini
493 534 499 556 !
529 533 605 561 Quum

122 569 174 584 veto
191 564 301 591 praecipua
320 564 366 589 ejus
379 561 472 594 potestas
490 563 514 584 in
531 563 604 584 circui-

121 593 157 614 tus
166 589 279 612 humorum
292 592 411 613 mutatione
438 589 490 612 ofita
498 589 540 618 fit3
550 597 604 612 non-

121 625 150 641 ne
168 626 269 648 perquam
289 619 387 642 credibile
407 626 418 641 e
448 635 455 645 ‚
484 619 553 641 diaeta
573 622 603 641 at-

121 653 163 675 que
175 646 272 668 remediis
281 663 287 674 ,
304 654 357 676 quae
373 647 536 672 circulationem
551 645 602 669 defi-

120 675 167 697 nito
194 675 244 697 tadu
256 678 292 698 aut
303 676 410 703 incitent,
422 679 460 698 aut
469 676 600 704 reprimant,

120 705 157 729 aut
173 704 232 725 aiter
247 703 354 732 dirigant,
373 704 431 729 haud
449 711 526 732 parum
544 703 600 725 effici

118 729 176 760 polse
189 731 198 753 ?
213 731 323 758 Quantum
343 732 421 754 deinde
436 733 505 760 major
520 732 600 754 minor-

118 765 145 781 ve
164 758 270 787 sanguinis
287 760 379 784 modus!
400 760 501 783 Millione
517 759 600 788 sangui-

118 787 152 813 nis
173 786 274 809 vacillafl'e
291 789 432 815 memoriam,
448 795 521 817 neque
531 803 538 814 ,
558 787 599 810 nili

117 815 195 844 jactura
213 822 236 837 re
252 819 322 843 asam,
341 818 449 845 integram
467 816 549 839 rediisse
563 816 599 838 ad-

117 846 215 865 notatum
277 844 292 859 ¹*
319 845 468 871 Iracundiam,
482 844 597 871 ferociam,

117 869 240 897 libidinem,
256 871 388 900 plenitudine
400 872 530 896 exffimulan·
539 888 546 899 ‚
562 872 598 894 de-

117 898 182 931 trastq
193 898 303 931 *sanguine
326 900 468 923 defervescere
481 916 489 928 ‚
513 900 596 922 dudum

117 926 214 953 conffiut
257 927 358 959 Quocirca
388 936 435 952 non
463 929 538 954 minus
567 928 597 954 lh-

137 970 145 982 *
157 971 183 988 πι-
196 973 263 990 unm.
271 973 303 990 Aa.
315 974 359 991 ma.
367 975 453 996 Ηψῑκπς.
461 973 562 991 vam-w
572 972 615 986 Μ·

585 1036 600 1047 ι
