653 1114
142 132 472 155 ACADEMICUS.
511 141 552 161 ιτς·

70 188 126 210 dicos
135 186 145 209 ἲ
157 185 215 214 Quid
224 185 305 216 profuit
318 186 431 216 Agathocli
441 188 552 216 regnum?

70 215 127 244 Quid
142 215 251 238 Hadriano
267 216 396 244 imperium,
411 216 553 245 pereuntibus

70 244 203 269 Medicorum
213 245 237 265 in
250 247 294 266 arte
303 244 421 272 peritorum
431 245 539 267 abscufia?

95 272 194 296 Medicus
202 273 275 300 vitam,
283 272 381 296 Medicus
391 272 481 296 feliciter
489 280 556 303 agen.

70 302 107 324 dae
118 302 175 323 vitae
184 301 274 323 modum
286 304 392 330 procurat⁴

95 331 136 357 At,
148 329 163 351 fi
173 337 237 359 quem
247 331 327 363 ceperit
343 334 387 352 tam
401 330 502 353 honoram*
515 338 554 353 no-

68 359 133 381 minis
144 359 221 387 cupido
232 374 239 385 ‚
252 358 311 381 nulle
322 358 407 381 salebris
419 360 440 382 &
468 360 554 389 raecipi-

69 389 102 409 tiis
111 388 148 419 Via,
160 390 278 409 remoratur
292 387 422 409 tendentem
434 366 467 410 aci,
472 388 553 416 gloriae

69 415 217 445 poll'essmnem
227 423 232 437 ς
249 415 275 437 ad
288 415 378 445 pulchra
392 415 450 438 ducit
458 432 464 443 ,
475 416 511 439 sed
523 423 554 438 ar-

70 445 125 467 dua:
141 445 223 473 ingredi
237 451 284 466 eam
296 445 368 473 paucis
376 460 382 470 ,
401 446 452 467 raris
463 445 554 472 calcare,

70 477 91 496 at
102 473 199 501 superare
212 473 249 494 vix
259 474 350 501 contigit
362 472 408 494 ulli.

95 501 132 525 Est
139 501 237 524 Medicus
242 517 249 527 ‚
275 502 297 523 ui
304 501 415 524 sanitatem
423 501 508 524 homini
516 501 557 524 sar-

69 533 113 553 tam
124 530 244 558 testamque
264 533 335 556 ervat,
345 529 392 557 vel,
405 529 421 552 fi
434 530 485 559 quid
494 537 557 558 cepe-

69 560 95 581 rit
108 558 245 585 detrimenti,
259 557 393 584 incolumem
404 565 453 581 eam
465 557 555 588 pristino

69 587 159 612 restituit
172 588 242 609 nitori.

97 616 182 638 Sanitas
196 614 237 644 ipsa
245 631 252 642 ‚
262 616 347 644 quoties
362 616 479 644 cogitatur,
490 616 556 637 unica

69 644 145 667 vocula
154 643 280 667 felicitatum
293 644 404 670 omnium,
414 644 467 666 dum
476 643 514 666 has
523 644 557 666 in-

70 672 159 695 colimus
178 676 245 695 terras
257 688 263 699 ‚
280 672 413 701 ingelligitur
426 672 557 694 fundamen-

70 704 123 724 tum.

98 730 152 757 Quis
158 737 210 752 vero
219 730 275 752 hanc
283 729 346 751 nobis
352 728 441 751 salutem
451 729 556 756 tuebitur,

70 765 135 786 quem
142 758 237 786 ejusdcm
247 756 332 779 latuerit
340 758 430 780 natura?
441 757 496 785 Quis
501 758 558 785 ejus-

71 788 120 809 dem
132 786 215 813 hostes,
225 786 324 813 morbos,
338 786 455 812 coercebit,
466 785 505 807 nifi
533 786 556 808 ui

85 817 128 837 rius
135 816 192 837 vires
202 815 280 837 horum
287 831 293 842 ‚
300 814 410 836 machinas
420 817 484 842 atque
495 814 518 835 in
534 821 557 835 o-

71 851 114 894 sern
124 859 131 871 ,
150 842 276 866 examussim
295 842 413 865 intellectui
429 841 556 871 explicuerit

79 880 114 895 uo-

99 901 127 923 At
135 907 198 928 vero,
206 901 241 923 cui
249 898 390 929 prosperitatis
400 901 464 928 atque
473 897 558 921 calami-

71 930 120 952 tatis
131 929 184 951 ratio
195 932 281 957 aperta,
295 928 394 950 nondum
407 926 444 949 fibi
456 927 558 950 adoream

66 957 110 979 Jmc
118 958 199 979 meruit
209 958 232 978 in
243 963 307 978 arena
316 972 322 983 ‚
332 959 418 985 oportet
425 956 504 984 quippe
511 971 517 981 ,
530 959 558 978 ut

59 991 83 1003 Γ·
104 985 117 992 ’“
142 985 173 1008 ⁴⁴11
189 985 272 1012 habeat
286 984 350 1009 sunul
359 984 456 1007 salutaria
464 983 557 1015 auxilia,
