653 1114
173 80 505 105 acanzmzcvs.
569 88 585 112 -ι

97 134 157 157 modi
166 134 251 157 dicendi
259 142 330 164 genus
339 142 386 157 non
395 135 460 157 modo
467 142 480 157 a
486 135 585 159 moribus

97 162 210 192 studiisque
218 165 272 186 meis
282 163 345 186 valde
354 163 461 191 alienum3
473 162 511 186 sed
516 163 585 187 sentio

98 192 163 213 etiam
173 208 179 219 ‚
198 199 239 214 nec
252 192 351 221 dignitati
364 192 429 219 huius
443 191 486 214 loci
496 208 504 219 ‚
525 200 566 215 nec
575 208 585 221 ‚

112 227 164 242 uem
177 219 322 248 celebramus,
337 221 379 243 diei
387 220 530 247 solemnitati,
543 228 586 244 nec

112 249 191 278 enique
204 248 276 272 vestris
291 250 389 272 omniurn
400 249 487 271 auribus
494 248 543 272 satis
552 257 586 272 ac-

96 277 258 300 commodatum
267 277 316 300 effe.
346 278 495 306 Quapropter,
506 277 587 308 absque

96 307 189 335 partium
196 305 275 334 studio,
289 311 353 335 atque
361 305 455 335 sepositis
463 308 587 329 contentio-

74 343 77 346 ·
95 334 173 361 nibus,
188 342 212 357 ea
219 338 318 361 tantum,
332 342 387 364 quae
399 335 422 357 in
433 342 456 358 re
465 334 509 364 ipsa
519 334 588 358 inesse

95 362 168 385 sedula
181 363 330 392 pervestigatio
343 364 406 385 docet
415 380 421 390 ‚
440 371 482 392 qua
495 367 588 392 potero,

95 398 146 414 cum
152 390 292 421 firnplicitate,
300 395 348 414 tum
354 392 465 419 brevitate,
473 392 590 415 enarrabo.

96 420 162 447 Quod
177 420 229 442 dum
241 420 295 442 facio
307 437 313 447 ,
329 420 416 447 Vestra,
434 421 459 443 A.
473 421 500 444 O.
515 421 542 444 O.
555 421 588 444 H-

111 455 162 470 uam
182 448 293 478 aliquoties
312 450 336 471 in
355 449 396 471 hoc
414 448 462 471 loco
480 452 587 478 expertus

105 485 142 499 um
150 493 157 503 ‚
176 477 330 500 benevolentia
339 481 403 507 atque
416 477 490 500 favore
500 477 588 500 homini

95 507 119 528 in
135 505 227 528 dicendo
244 507 333 528 minime
347 507 463 529 exercitato
475 509 502 529 ut
515 504 588 529 adesse

95 533 167 556 velitis
177 535 242 557 etiam
252 538 316 564 atque
326 535 390 557 etiam
400 541 460 564 rogo-

125 591 156 614 Ut
166 591 251 620 itaque,
266 590 330 613 miffis
341 591 502 614 circuitionibus
510 607 517 619 ‚
532 590 588 613 inde

95 619 238 650 proficiscatur
245 620 319 643 Oratio
329 627 389 647 mea,
404 620 463 642 unde
472 620 544 642 omnis
555 619 588 642 di-

95 648 215 671 cendorum
224 650 276 671 ratio
286 649 384 676 ducitur;
399 647 522 670 admirabile
530 647 588 670 illud

95 677 230 699 connubium
238 693 245 704 ,
266 684 309 707 quo
330 677 397 700 Mens
418 678 439 699 δι
454 677 539 706 Corpus
560 677 587 699 in

95 706 191 729 Homine
202 706 275 733 J'unsta
286 706 347 732 sunt,
364 705 450 735 ejusque
460 707 508 733 jura
522 712 546 727 ac
556 704 587 727 le·

95 741 134 763 ges
162 734 331 756 uemadmodum
341 733 383 756 sese
395 734 474 757 habere
488 733 587 756 observa-

95 764 126 785 n'o
134 762 151 785 fi
167 770 203 785 em
212 762 275 790 facit,
287 763 382 792 primum
396 766 447 785 ante
460 762 535 785 oculos
548 769 587 791 po-

95 799 154 814 nar-n.
183 791 270 814 Etiamsi
283 793 344 814 enim
357 790 416 813 istius
427 792 458 813 rei
467 789 587 823 inquisitio-

95 827 148 842 nem
160 819 283 849 Philosophi
299 819 338 850 fibi
350 820 463 842 vindicent
472 835 480 847 ‚
500 819 588 848 tuisque

94 848 171 870 scholis
180 850 288 878 propriam
298 848 339 871 esse
347 848 431 875 velint;
452 855 498 870 non
508 853 587 869 vereor

94 880 168 899 tamen
181 884 232 906 pace
243 878 250 899 i
265 876 337 899 sorum
347 876 465 903 affirmare,
478 875 494 897 fi
502 875 554 905 quid
562 876 589 897 in

95 905 129 927 his
139 905 235 928 tenebris
245 913 256 928 c
265 913 300 928 are
308 905 409 932 videant,
422 906 459 927 vix
470 904 509 926 nifi
516 904 588 932 Medi.-⁴

95 935 126 957 cis
134 933 205 957 lumm'
205 942 219 956 a
226 934 398 986 praeferentillius
408 934 429 956 id
439 933 519 956 videre.
