653 1114
147 113 474 137 ACADEMICUS.
513 120 552 139 105

70 169 122 191 flora
137 167 192 189 dabo
210 168 230 190 Sc
246 168 313 196 magis
326 167 376 189 huic
388 167 437 189 loco
455 174 494 196 pro
511 168 552 193 ria,

70 203 124 225 quae
132 195 220 218 fervens
228 197 346 218 concimtm
362 202 389 217 ue
399 197 484 218 animus
503 202 530 217 uo

70 226 170 274 tetrfftu
184 225 208 246 in
226 231 293 247 venas
310 203 459 254 meaullasque
477 202 554 248 difful'g

69 260 96 281 pa

60 315 82 336 zu
97 308 208 332 Defiderio
222 310 253 330 rei
265 310 391 337 concupitae
408 309 496 338 longius
521 315 552 330 m.

70 337 135 360 traflm
147 344 212 366 quam
221 336 305 359 labascit
315 338 377 366 vigor
388 341 494 367 tenorque
514 344 552 359 un-

70 366 181 392 ffimum,
200 365 308 388 marcescit
324 367 418 394 corporis
436 366 551 391 habitudm

71 393 179 416 universae
191 395 247 416 vires
261 395 401 416 oeconomiae
413 394 520 422 languent
531 395 552 416 δι

71 422 200 445 concidunt!
215 422 276 445 Num
292 422 343 452 quid
362 422 481 445 fortiffimas
495 423 552 444 inter

71 453 147 479 gentes
156 450 256 472 nonnulli
270 450 347 473 dantur
356 451 469 477 homines,
483 457 551 480 quos,

71 486 120 501 cum
140 479 164 501 in
182 480 261 501 exten's
282 479 405 508 regionibus
423 478 552 509 aliquamdiu

71 511 164 529 moratos
177 508 308 536 repetundae
325 509 404 536 patriae
418 507 502 530 incessit
517 515 552 529 cu-

70 536 134 565 pido,
149 537 183 557 cui
195 543 240 557 non
252 539 333 557 mature
344 536 505 564 obtemperent,
520 537 551 557 in-

71 564 205 586 valetudines
223 564 324 586 infestant
340 564 478 586 heteroclitae
490 580 497 591 ‚
516 564 552 593 spe

71 592 159 614 domum
166 592 276 614 reditionis
284 591 363 614 sublata
371 594 435 614 etiam
445 592 552 620 postremo

71 619 161 643 lethales
175 621 184 643 ἓ
208 620 298 647 Quofies
312 620 415 643 formosae
430 622 526 649 virgines
542 620 551 642 ?

71 649 161 676 Quoties
179 648 248 670 floridi
268 648 411 672 adolescentes
427 649 496 671 luride
509 648 552 678 pal-

70 676 129 704 lent,
138 676 290 699 contabescun‘c
299 692 305 704 ,
321 681 365 699 atra
374 676 417 699 bile
426 693 433 704 ,
448 676 538 699 chlorofi
545 692 552 703 ‚

71 706 203 727 erotomania
223 705 385 732 conficiuntur,
408 713 458 727 cum
480 712 552 727 amore

71 735 137 763 captis
149 741 208 756 mom
221 735 324 761 injicitur,
342 737 379 755 aut
393 733 439 762 spes
452 733 552 755 adimitur

86 762 186 785 otiundi?
199 761 354 790 Ingravescunt
363 766 435 784 autem
447 762 500 784 haec
510 769 553 783 ma-

79 797 103 817 a,
117 794 221 819 tantoque
230 791 324 812 cruciant
335 791 403 818 magis
413 791 477 812 etiam
486 791 509 811 in
518 796 552 811 cu-

70 819 154 841 xatione
172 818 284 846 Medicos3
319 825 372 840 uum
388 817 552 840 dissimulatione

71 848 243 875 aegrotantium,
261 847 298 875 qui
320 846 393 873 ubest,
408 845 496 868 affectus
509 845 553 874 ple-

71 881 162 904 rumque
173 874 251 902 lateat,
266 877 286 897 &
301 874 361 903 saepe
377 874 462 896 difficile
474 874 500 896 fit
512 874 553 896 ori-

71 904 146 930 ginem
159 903 231 925 causae
240 910 313 925 veram
323 903 430 931 detegere.
472 902 552 925 Odium

71 936 171 959 pmerent
193 932 308 953 memoriae
332 932 425 953 recentis
446 929 552 959 exempla.

72 959 102 981 Ut
112 960 179 988 igitur
193 967 221 983 ex
236 963 334 982 veterum
350 960 499 983 monumentis
517 965 554 988 pe-

298 987 344 1015 (ἐς
