653 1114
203 81 533 105 ACADEMlcvs.
583 89 608 108 13

124 137 197 163 tione,
207 143 231 158 ac
240 135 379 163 successione,
390 136 422 158 uti
429 135 530 160 voluntas
537 137 610 165 jubet,

124 166 207 194 hacque
216 164 306 187 viciffim
313 165 409 193 quietem
417 165 544 193 imperante,
556 173 610 189 mox

122 194 203 217 iterum
211 192 311 223 quiescit;
321 196 395 216 utrum
402 192 475 215 induci
484 195 532 223 quis
541 194 610 224 potest

123 223 150 245 ad
158 222 300 249 credendum,
313 222 395 250 Corpus
402 221 455 244 haec
461 224 541 249 omnia,
549 223 610 252 spon*

122 255 145 274 te
157 250 195 273 sua
203 267 210 279 ,
224 249 302 279 injuffu
311 250 405 277 Mentis,
420 252 537 279 peragere?
551 252 610 276 Vidi-

122 279 184 303 ffisne
198 279 312 306 homines,
329 286 421 308 quorum
433 287 470 308 pes
483 283 521 303 aut
530 286 609 304 manus

121 308 208 338 stupore
217 308 305 330 detenm
314 306 374 330 sensu
384 308 456 330 caret?
485 309 610 332 uemadmm

122 337 175 359 dum
184 336 332 364 contrectent,
345 335 434 363 fricent,
447 343 474 359 ve
493 338 550 359 'cent
560 343 609 360 eam

120 369 217 396 partem,
231 365 321 395 perinde
332 364 390 394 quast
401 366 505 388 Animum
514 365 542 388 sic
552 367 609 389 exci-

120 398 166 417 taxe
181 394 208 416 ad
217 393 354 416 sentiendum
365 393 440 416 velint.
463 395 498 417 An
508 394 568 417 Paral
595 397 600 400 “

120 430 158 446 cos
166 422 304 446 observastis?
314 422 345 445 Ut
353 429 429 445 omnes
434 422 552 447 voluntatis
567 430 609 446 uae

118 453 176 475 vires
188 452 306 474 intendant
316 467 322 478 ‚
339 454 428 480 totoque
444 451 513 474 veluti
529 453 609 475 Animo

119 483 218 503 nitantur
229 478 252 502 ἰή
262 483 323 509 parte
336 479 426 502 resoluta
439 485 524 502 motum
537 482 608 509 ciere,

118 508 265 539 persuafiffimi
273 508 293 530 se
302 509 324 530 id
334 508 446 531 voluntate
457 508 493 531 sua
501 525 507 536 ‚
520 516 571 532 cum
579 509 609 532 fia-

119 539 143 560 ni
152 537 231 564 essent,
244 536 329 559 efficere
339 536 441 565 pntuiffe:
455 539 560 560 mirantur
570 539 608 561 itae·

119 573 162 596 que
174 566 212 589 suo
226 565 324 588 nondum
338 565 417 588 adsueti
425 565 496 593 malo,
510 567 608 589 membra

119 595 266 617 obedientiam
277 593 373 621 abjeciffe
381 611 387 621 ‚
406 595 426 616 &
441 602 517 623 parum
532 595 590 618 abest
599 611 606 623 ,

118 627 144 646 ut
156 623 192 645 sua
205 630 251 645 non
266 622 307 644 efl'e
323 622 417 644 credant.
449 623 510 650 Quae
523 622 539 645 fi
558 625 607 652 quis

118 652 157 675 abs
172 659 200 675 ue
218 651 336 674 ambitione
354 651 425 673 secum
441 656 544 680 reputans
560 660 607 681 per—

117 688 162 711 pen
178 681 228 707 erit,
237 679 326 706 clarius,
337 680 425 708 opinor,
438 679 526 707 sentiet,
555 686 608 703 uam

117 709 189 732 verbis
202 709 283 738 exponi
296 711 374 737 queat,
389 712 496 737 quantum
505 709 528 731 in
536 710 543 730 i
552 709 574 731 ia
583 716 607 731 re

117 738 204 768 pondus
215 737 323 763 habeant;
339 738 361 759 δι
370 736 439 758 forsan
449 744 536 759 mecum
547 738 608 760 dubi-

117 766 185 793 abit,
199 770 303 788 utrumne
315 766 333 787 is
346 766 368 786 in
386 766 429 786 enii
439 769 512 794 partus
524 766 551 788 ab
561 766 607 788 Ho-

117 795 178 817 mine
190 797 262 817 creato
277 794 351 816 minus
363 801 373 816 a
390 793 465 820 ludat,
486 801 551 822 quam
568 794 606 823 qui

117 823 176 846 haud
185 822 254 845 multo
265 825 315 844 ante
329 829 356 843 ex
367 821 423 844 Clari
436 821 526 849 alicujus
535 823 607 845 Phno·

117 851 177 881 sophi
188 851 275 874 cerebro
285 850 397 880 prodierat.

143 906 228 931 Verum
247 906 337 930 abduxit
355 913 390 929 me
404 907 562 936 propemodum
578 905 606 930 ab

115 936 213 960 instituto
227 944 277 974 ineo
291 935 405 964 multiplex
417 935 454 958 issa
470 936 590 964 imaginum
598 952 605 964 ‚
