653 1114
95 119 139 140 ¹34
231 113 399 136 SERMO
429 114 457 136 11.

96 166 213 190 hominem
223 167 251 189 ab
262 167 375 189 incondita
387 167 452 190 bestia
463 168 489 190 de
501 167 551 190 sella
565 169 587 192 in

113 197 250 218 avimentum
267 195 308 218 effe
327 195 465 218 deturbatum
481 204 527 218 non
544 196 587 219 fine

106 232 182 248 umma
203 225 270 247 animi
289 225 435 247 commotione
446 241 452 252 ,
472 224 507 247 sed
520 232 546 247 eo
560 229 589 248 ta-

98 261 153 277 men
166 256 249 276 eventu
258 269 264 280 ‚
283 256 309 276 ut
324 254 351 276 ab
366 253 404 276 illo
418 257 515 283 tempore
531 254 589 277 dolo-

99 289 134 305 res
146 282 267 305 remiserint
277 282 381 312 brevique
392 282 439 311 post
449 284 540 304 omnino
550 283 589 305 ces.

99 311 165 335 sarint
172 319 288 341 nunquam
296 311 396 340 deinceps
408 311 500 334 recidivi.
515 311 590 339 Quum

99 339 174 364 multis
194 340 274 362 abhinc
289 341 353 363 annis
370 340 448 362 urbem
464 340 558 362 nostram
571 348 590 362 a-

101 375 210 399 grumque
220 369 409 397 circumjacentem
417 369 517 391 immanis
526 369 590 391 turbo

101 401 229 421 concuteret
239 414 245 424 ,
264 398 392 427 damnisque
404 397 500 427 plurimis
513 405 538 420 us
555 405 591 421 ue-

102 434 188 456 quaque
197 426 262 449 illatis
274 426 356 449 incolas
368 426 526 453 consternaret,
554 434 591 449 uo-

101 455 143 479 bus
154 456 224 484 aegris
233 471 240 482 ,
255 462 317 478 meae
327 459 375 478 tum
387 462 450 478 curae
461 454 576 478 commiffis
584 471 591 482 ,

102 491 127 507 ea
136 485 229 513 contigit
238 484 342 511 felicitas,
352 487 378 506 ut
388 485 474 507 terroris
485 483 591 507 beneficio

102 512 169 541 alter,
177 514 221 541 jam
221 513 317 564 ¹{uidem
326 520 354 535 ex
365 512 425 535 saeva
434 512 543 535 arthritide
555 520 592 542 pe-

102 541 156 565 dum
166 542 221 564 mini
240 543 284 564 erio
292 542 401 571 privatus,
417 542 444 564 ob
452 542 569 564 imminens
580 549 592 564 a

103 571 187 598 dejer
200 571 286 592 camino
297 570 417 599 periculum
425 571 527 599 aufugere
535 569 592 593 solus

102 599 212 627 didicerit3
221 598 289 621 altera
300 606 328 621 ex
341 600 401 627 gravi
414 598 523 628 epilepsia,
534 606 592 627 przie-

102 630 136 651 Uer
153 627 337 657 exspectationem
356 635 427 650 meam
440 644 447 654 ‚
473 627 592 657 pleniffime

104 655 246 679 convaluerit.
269 656 319 678 Imo
330 657 449 679 etiamnum
460 656 593 685 superstitem

104 685 158 707 novi
169 685 253 711 virum,
264 685 299 707 cui
313 692 380 714 puero
390 700 397 711 ,
408 692 472 714 quem
485 684 593 707 inflixerat

106 716 188 740 tenor,
201 713 303 735 morbum
311 713 426 740 caducum,
438 714 537 736 remediis
551 714 594 736 fru-

104 741 146 766 stra
158 745 269 765 tentatum
279 757 285 768 ‚
300 741 358 763 idem
371 741 408 763 ille
422 749 480 764 anno
495 742 542 771 post
556 743 594 764 ite-

104 778 155 794 rum
168 770 263 793 incussus
276 770 332 793 laete
349 770 467 799 persanavit
476 786 482 797 ,
496 771 593 793 antidoto

105 805 153 822 non
170 800 245 821 minus
254 815 260 826 ,
275 806 340 828 quam
351 805 438 821 veneno
450 815 457 826 ‚
477 806 505 821 ex
516 799 594 821 eodem

105 827 168 851 fonte
180 827 260 855 duffis;
271 827 455 857 quemadmodum
479 828 502 850 ui
513 835 526 850 a
534 828 595 850 Scor-

105 857 147 886 piis
158 856 208 880 sunt
220 856 267 882 ic‘ti,
280 856 307 878 ab
317 856 395 879 iisdem
406 863 473 880 remei
481 857 525 879 'um
535 860 595 886 pete-

107 891 132 908 re
140 884 308 908 consueverunt.

134 941 253 970 Invulgus
265 944 344 964 notum
357 940 402 967 est,
411 939 529 969 singultus,
541 941 597 970 capi-

107 971 149 998 tis,
161 971 245 993 aurium
252 985 260 998 ‚
274 969 375 993 dentium
383 968 483 998 dolores⁸⁴
489 970 603 992 haemm-

493 1037 615 1052 ᾼι
