653 1114
200 87 532 113 AcADEMICUs.
594 97 608 118 5

118 141 479 201 ῗιῖἳιιῗῗὲῗῖυέᾱιιῗζῗηῗῃῗῑῗεῗξέ
488 146 521 193 1¹1³ss
530 158 537 170 '
561 142 608 167 ⁵⁰¹¹

147 216 278 245 Quanquam
297 217 373 243 enim,
393 216 445 239 dum
459 216 534 240 sociale
551 216 607 240 illud

94 258 103 265 ν
117 245 180 267 Vitae
186 245 288 267 Humane
294 244 371 267 foedus
380 245 462 268 constat
468 262 474 272 ‚
486 253 509 268 re
517 245 607 269 forfitan

117 272 175 296 haud
188 274 255 301 major
268 272 299 296 est
306 273 389 296 Mentis
398 275 422 296 in
431 274 513 303 Corpus
521 290 527 301 ‚
540 281 607 304 quam

117 302 182 329 huius
190 301 278 324 inillam
284 303 394 331 ponentia;
405 303 454 324 facit
460 306 539 329 tamen,
549 310 605 332 quae

116 330 187 354 Menti
196 329 264 358 adest,
274 330 402 353 conscicntia
410 330 502 353 efficacis
511 331 559 353 suae
567 339 605 353 vo-

115 358 204 382 luntatis
213 375 219 386 ,
254 360 341 388 romptin
349 366 377 382 ue
386 375 393 386 ,
409 359 467 389 quod
480 359 562 389 corpus
575 359 605 382 fir-

116 395 170 409 num
184 395 235 417 prae
266 391 275 409 t
286 403 293 414 ‚
313 388 340 409 ob
350 389 408 416 equii
419 404 426 415 ,
441 391 466 410 ut
481 388 554 410 datum
571 388 604 411 illi

115 417 229 445 imperium
241 432 247 444 ,
268 415 319 438 huic
339 416 404 438 modo
422 415 542 445 impolitam
560 415 604 439 effe

114 445 237 468 servitutem
253 444 315 467 facile
330 446 450 474 opinemur.
480 445 508 468 Et
526 445 603 474 quidni

113 475 199 495 tacitam
207 481 251 502 quo
267 480 294 495 ue
302 472 383 495 suhcss'e
389 474 532 502 arrogantiam
537 473 603 495 fatea-

112 509 162 524 mur
170 518 176 529 ,
193 509 235 531 qua
248 481 315 525 ffiens
323 517 329 528 ‚
348 502 407 531 quod
418 502 506 524 rationis
519 502 602 531 partici-

112 538 164 559 pem
177 530 244 553 semet
258 538 308 559 prae
318 531 413 559 Corpore
425 530 524 559 agnoscat
532 547 538 557 ‚
550 530 602 560 plus

112 558 151 581 fibi
159 560 212 587 juris
220 560 244 581 in
253 559 294 581 hoc
300 575 307 586 ,
320 566 327 580 ι
336 566 386 581 uam
394 559 443 581 huic
454 560 477 581 in
486 558 534 586 sese,
543 566 601 581 com-

110 591 185 617 petere
194 587 233 610 fibi
241 587 315 617 persua
330 588 380 610 eat?
395 588 487 610 Perinde
497 587 556 616 quast
567 596 601 610 ra.-

111 617 177 639 tionis
185 616 291 638 duntaxat
299 615 324 638 fit
331 618 443 649 imperare.
458 616 540 639 Verum
548 623 600 645 qua*

110 644 221 674 uscunque
238 645 327 667 demum
338 644 397 667 istrus
409 644 529 667 evidentiae
538 644 600 667 causa

110 673 175 697 fuerit
183 690 189 700 ‚
209 677 269 696 tanta
281 673 377 702 profesto
390 673 420 695 est
433 674 457 695 in
472 673 511 695 hac
521 680 543 695 re
551 689 558 700 ,
573 676 600 696 ut

110 701 187 724 sentire
197 709 245 724 eam
259 703 341 730 magis,
355 709 421 731 quarn
433 701 518 723 credere
528 701 600 724 videa-

110 738 171 757 mur,
181 734 245 760 atque
254 731 278 753 in
286 726 377 762 «labium
386 738 462 753 vocare
472 746 478 757 ,
490 737 519 752 ne
529 730 599 754 dicam

110 766 189 788 negare
198 775 205 786 ‚
221 760 259 782 vix
274 759 314 781 nih
328 760 351 781 vi
363 759 426 782 nobis
438 758 599 788 quodammodo

108 787 167 810 issata
175 787 285 817 poffimus.

137 826 219 854 Quodsi
230 827 316 856 itaque,
330 827 367 856 qui
377 826 465 849 Mentes
476 826 599 849 Hominum

108 863 159 878 vera
168 855 269 884 sapientia
276 863 300 877 ac
309 856 388 877 virtute
396 855 494 877 imbuere
504 854 598 881 student,

124 887 192 905 taeter
205 888 275 906 cetera
292 884 387 912 cogitare
402 884 467 905 etium
479 882 559 905 debent
569 881 598 905 de

106 912 268 941 rmpedimentis
277 915 315 934 aut
324 912 466 940 adjumentis,
476 918 530 940 quae
539 912 599 933 varia

107 941 207 970 Corporis
217 940 340 964 constitutio
348 940 432 992 afferre
442 939 523 970 potest:
538 939 599 963 haud
