653 1114
117 92 198 117 176-
273 90 439 114 SERMO

110 160 122 172 ¹-
141 142 198 167 cum
209 141 264 166 vero¹
274 151 300 166 ea
314 145 388 167 aetatis
399 144 503 172 brevitas,
514 142 597 173 ingenii

112 171 257 200 imbecillitas,
267 180 339 195 rerum
350 172 441 202 ipsarum
449 172 562 196 difficultas
572 173 598 195 fit

113 202 205 230 &eopia
212 215 219 228 ‚
232 205 292 224 extra
302 201 424 224 societatem
435 202 488 224 haec
497 203 521 224 in
529 202 598 224 homi-

113 236 143 252 ne
155 228 230 252 frustra
240 237 336 264 quaeres.
365 230 408 253 Sed
419 230 457 252 ubi
465 246 471 257 ‚
486 230 597 253 distributo

112 258 169 281 Viris
180 257 315 281 [blemffimis
326 258 392 288 penso
400 274 407 286 ‚
420 260 511 291 quisque
523 259 598 287 gnavi-

113 289 146 309 ter
154 287 261 310 incumbit
268 303 274 314 ‚
285 288 375 309 inventa
385 286 429 309 fine
437 287 486 309 luco
497 291 595 313 exarata,

112 314 158 338 fine
164 315 245 337 invidia
251 315 312 338 alteri
320 315 416 344 largitur,
422 316 500 338 ibidem
507 315 596 345 pulchre

112 351 163 366 cum
173 343 298 366 mortalibus
311 343 342 366 est
352 348 505 373 comparatum.
544 344 596 371 Qui-

113 372 154 395 bus
168 372 206 395 ubi
218 371 272 400 iusta
282 380 354 395 rerum
362 373 468 401 gestarum
479 372 595 394 aestimatio

113 400 208 428 acceffit,
217 401 255 423 ubi
263 401 391 430 reipublicae
399 401 512 423 litterariae
521 400 597 423 consti-

113 429 206 451 tuendae
227 430 328 452 Proceres
347 429 450 458 generosa
469 428 595 451 liberalitate

112 461 177 487 atque
194 457 317 481 laudatione
339 457 493 480 instruetissima
507 458 596 486 ingenia

112 490 277 509 remunerantur
287 502 293 513 ,
309 486 386 509 fovent
396 503 401 513 ,
419 487 439 509 &
454 486 481 508 ad
494 485 596 508 ulteriora

112 515 208 537 excimnt
219 530 226 542 ,
244 515 274 537 ibi
284 514 372 537 demum
382 514 477 537 ielicitati
487 514 595 536 humanae

112 544 177 570 ianua
186 543 302 572 pandatur,
315 542 398 565 neceffe
412 542 448 565 est.

140 571 225 594 Horum
235 572 333 594 omnium
347 572 386 593 rite
397 578 476 600 guarus
486 572 595 594 immorta-

111 598 138 621 lis
149 600 264 623 PETRUS
274 600 407 626 MAGNUS,
418 607 467 621 cum
479 606 507 621 ex
517 601 595 622 artium

112 631 177 657 atque
188 627 322 650 scientiarum
331 628 492 657 pulcherrimis,
503 636 557 657 quas
565 628 595 650 so-

112 655 133 678 la
141 656 233 678 discendi
240 656 339 685 cupidine
348 660 432 679 exteras
440 655 549 683 inviserat,
556 663 594 678 no-

113 683 220 707 bilissimas
235 686 255 707 &
268 683 386 707 utilillimas
403 684 474 707 secum
489 684 593 711 duxerat,

112 716 177 742 atque
183 712 268 735 easdem
273 714 297 734 in
307 713 376 736 Patria
385 712 512 735 florentibus
521 713 594 740 adjun-

111 745 188 768 xerat,
200 741 227 763 de
241 741 339 763 adunatis
354 741 387 763 his
402 740 531 763 stabiliendis
540 757 547 768 ,
561 749 594 763 co-

111 769 192 797 lendis,
207 773 271 798 atq'ue
282 768 371 791 ulterius
383 769 546 798 promovendis,
556 769 595 791 sol-

81 811 83 814 ·
111 797 192 825 licitus,
203 797 230 819 ad
241 797 332 820 formam
340 797 438 824 aliarum,
446 804 498 826 quas
507 799 594 826 penitus

111 833 149 876 31²5
150 825 510 883 {ffifisssszffifieiffffissffiffl
519 825 594 876 {ffiss‘

147 869 153 881 ,
248 868 254 876 ι
423 867 428 875 ι
476 866 480 875 ι
586 868 594 871 -

111 883 144 904 xit
152 881 298 909 adminiculis,
306 889 361 911 quae
372 882 398 903 ad
406 883 565 904 incrementum
572 883 594 904 Sc

111 910 177 938 hujus
187 910 360 933 emolumentum
368 910 462 932 maxime
474 910 594 932 contribue-

112 937 257 966 re‚noscebat.
576 963 578 965 ,

533 965 595 990 Felix
