653 1114
154 100 561 136 ACADEMlcvsVss

77 154 229 185 peditaverint.
259 154 336 177 Unum
349 155 391 178 hoc
408 155 484 178 sufficit
493 172 499 184 ‚
513 157 564 179 Ani..

77 191 138 207 mum
159 184 180 206 &
196 183 280 212 Corpus
296 184 320 205 in
333 183 473 212 vigilantibus
489 192 564 214 perpe-

77 216 115 235 tuo
135 212 193 234 inter
216 211 237 234 se
258 213 417 235 communicare
428 229 435 239 ‚
460 214 563 242 omnique

78 245 192 264 momento
202 240 293 263 alterum
299 240 326 263 ab
334 240 401 263 altero
406 240 468 264 affici.
485 241 564 269 Quam-

78 270 155 293 obrem
169 268 296 292 Mortalium
309 268 443 298 pauciffimos
458 271 563 299 reperias,

78 297 157 327 quibus
174 297 248 320 datum
263 296 290 320 fit
303 313 310 325 ‚
329 298 431 321 Animum
444 299 473 320 ita
488 306 500 320 a
513 299 564 321 Cor-

76 333 129 356 pore
148 333 237 348 avocare
250 342 257 353 ,
276 328 302 348 ut
323 327 341 348 is
351 342 358 353 ‚
377 330 480 356 tanquam
493 328 518 349 in
532 334 564 349 re„

77 353 133 377 cess'u
149 354 201 381 suo,
216 354 287 386 solus-⁷
300 358 365 383 atque
378 355 405 377 ab
418 356 479 377 omni
493 356 563 378 mutui

77 383 200 406 commercii
218 382 359 406 vicishtudine
372 383 467 406 semotus
480 399 487 410 ‚
507 384 565 412 cogi-

77 415 122 434 tare
141 415 212 441 queat.
246 411 361 440 Plerosque
373 419 450 434 omnes
465 412 565 441 frequen-

77 439 155 463 tiffirna
164 440 236 462 turbat
246 440 347 469 Corporis
356 439 512 470 interpellatio,
524 447 564 462 nec

76 469 101 492 in
115 468 210 496 ejusdem
226 469 257 491 rei
273 469 412 491 meditatione
427 470 564 491 continenter

77 497 190 519 inhaerere
202 495 257 518 finit.
287 496 358 519 Facile
367 500 441 519 tamen
453 498 529 525 cuique
539 498 564 519 in

77 525 145 548 semet
157 524 201 555 ipso
218 525 387 548 animadvertere
402 525 464 553 licet,
478 526 519 548 alio
535 529 565 548 at-

78 561 120 583 que
134 553 177 575 alio
189 557 300 582 tempore,
329 561 353 576 ro
363 556 421 576 vario
432 561 505 576 rerum
517 561 564 576 non

78 581 209 605 naturaJium
227 581 279 609 usu,
300 581 315 604 fi
331 583 338 604 i
353 582 375 604 id
389 583 458 611 magis
473 586 511 604 aut
526 582 564 604 nli·

78 618 120 633 nus
135 610 250 633 molestum
263 609 305 633 effe
317 619 324 638 ς
345 612 366 633 &
380 612 449 639 magis
462 611 564 640 quidem,

50 662 55 666 ,
78 646 129 661 cum
141 643 214 668 parte5
224 639 337 668 Corporis,
347 640 452 668 regimine
463 639 521 661 haud
536 638 566 660 le-

77 668 154 696 gitimo
166 667 305 691 conturbatae
315 683 322 694 ‚
338 668 362 690 in
375 671 448 690 motus
458 667 566 696 inordina-

77 699 112 719 tos
127 699 241 724 aguntum
257 697 415 726 minimefvero
426 713 433 723 ‚
451 695 518 717 ficubi
536 695 564 716 oh

77 731 200 753 congruam
221 724 310 747 vivendi
333 725 441 746 rationem
467 723 566 746 universa

78 753 179 782 Corporis
195 754 323 775 oeconomia
339 753 366 774 ad
381 752 497 782 aequabiliS
517 759 566 773 nor.

77 788 136 804 mam
146 781 242 805 sanitatis
252 780 369 810 compofita
378 781 449 803 fuerit.

107 838 170 865 Quae
189 837 205 860 fi
224 838 272 866 quis
294 838 412 860 accuratius
435 844 473 866 per
489 836 564 862 cudit,

78 866 166 888 nullum
174 866 252 895 opinor
264 865 354 888 dubium
365 866 386 887 ei
394 865 467 894 supere
486 872 507 889 c,
516 871 566 886 cum

78 894 179 918 Medicus
194 897 238 916 arte
255 894 292 916 fua
309 893 457 916 valetudinem
476 893 565 921 Corpori

94 921 132 944 rof
142 923 242 944 enimam
260 926 361 951 procurat
373 937 379 948 ‚
405 921 480 944 eadem
501 928 566 949 opera

77 929 141 974 {gu}
153 950 203 973 leve
216 951 296 973 Animo
309 949 409 980 praessnri
422 948 564 975 beneficium,
