653 1114
83 109 124 130 ιφ
215 92 381 125 SERMO
410 103 440 125 11.

79 158 223 182 numerabilia
235 159 330 189 quotidie
340 159 441 182 incidunt
453 175 460 187 ‚
472 160 503 182 iba
515 162 572 183 tanti

79 187 197 217 saepiilime
207 187 258 211 sunt
269 189 387 215 momenti,
398 192 423 211 ut
434 196 482 210 non
492 188 533 211 alia
543 189 571 212 de

80 216 142 239 causa
152 216 197 239 sani
211 221 337 246 aegrotent,
354 220 492 245 aegrotantes
502 218 527 239 in
535 225 571 247 pe-

78 247 114 274 ius
127 250 206 273 ruant,
221 246 299 268 morbo
313 245 463 273 succumbant,
476 250 514 269 aut
526 254 572 269 cer-

80 277 105 297 te
112 275 137 297 in
149 275 237 298 Medico
245 282 292 297 non
302 274 338 301 fit,
350 278 375 297 ut
383 274 516 297 releventur.
544 275 572 298 E-

80 304 127 325 nim
134 310 188 326 vero
200 310 229 326 ex
241 303 283 325 hoc
292 304 389 332 inprimis
399 303 462 326 {onte
472 303 571 327 exitiales

79 331 129 355 illae
144 332 236 355 humani
252 333 339 361 generis·
356 331 426 361 pestes
440 331 570 360 scaturiunt,

79 361 148 383 'animi
156 361 342 390 perturbationes,
353 368 390 390 per
400 367 455 390 quas
466 362 571 384 nimirum

79 389 183 420 pleraque
194 389 282 412 illorum
291 406 298 417 ‚
309 397 362 419 quae
373 389 439 411 modo
450 390 524 418 attigi,
538 389 571 412 su-

80 426 119 441 um
127 419 151 441 in
162 419 257 448 corporis
268 419 417 441 oeconomiam
428 419 488 440 virus
500 417 570 441 effim-

80 447 132 470 dere
140 446 217 470 solent.
252 447 308 470 Inde
320 447 446 470 multifariae
454 446 503 469 illae
516 447 570 469 sani-

79 477 130 499 tatis
144 483 229 503 noxae3
239 476 294 500 ‘inde
303 479 337 498 tot
345 476 471 498 morborum
481 476 570 499 fomites

79 505 101 527 δι
108 505 254 531 irritamenta,
265 508 325 526 tanta
337 506 474 527 curationum
487 505 568 532 taedia,

78 532 187 556 obstacula
195 549 202 561 ‚
220 532 367 556 frustrationes
376 541 382 555 :
405 540 461 563 quae
480 533 570 566 quidem

78 563 154 584 omnia
169 569 217 584 non
230 561 346 591 fatigarent
355 562 465 589 Medicus,
477 562 494 584 11
503 563 527 584 in
538 570 570 584 ar-

78 591 107 613 tis
124 590 229 620 potestate
243 590 317 617 foret,
336 591 460 613 animorum
473 590 522 613 illos
535 594 569 613 tu-

78 618 162 642 multus
172 626 211 648 pro
223 618 294 641 lubitu
304 623 341 641 aut
349 623 446 641 avertere
452 620 569 641 imminen-

78 651 125 675 tes,
141 651 179 670 aut
189 651 305 677 promptos
315 649 430 677 reprimere
439 651 504 677 atque
512 647 569 670 seda-

77 683 110 698 re.
131 676 238 704 Quocirca
247 684 297 699 cum
312 684 352 699 nec
365 676 438 698 fimum
449 678 568 703 rationem,

78 712 121 727 nec
130 712 218 727 morum
226 705 354 731 doctrinam,
364 712 405 727 nec
414 704 527 734 ipsammet
537 713 569 728 re-

78 733 185 762 ligionem
199 733 220 756 se
234 733 283 756 stitis
296 733 409 756 efficaciter
419 733 461 756 illis
472 741 569 763 oppone-

78 769 103 784 re
117 763 256 791 experiamur
268 778 274 789 ‚
296 761 346 784 facit
364 762 496 791 quandoque
511 769 569 784 com-

78 789 198 818 miseratio,
210 794 236 813 ut
249 791 312 813 tacite
324 790 435 813 nobiscum
444 790 567 817 doleamus,

78 822 182 848 negatam
193 819 324 842 humanitati
334 818 458 841 facultatem
466 818 508 841 effe
518 826 569 841 con-

77 848 198 876 tingentia,
204 852 270 877 prout
276 846 386 870 necessitas
395 848 475 876 exigit,
483 851 568 870 mumu-

78 874 101 899 di
110 891 117 903 ,
133 883 206 906 neque
216 876 299 905 semper
308 883 335 898 ex
344 875 523 905 pliarmacopoliis
533 875 568 898 de-

78 905 151 938 promi
163 904 222 934 poll'e
232 921 239 932 ,
256 912 311 934 quae
328 905 411 933 corpori
425 905 454 926 ob
468 908 567 927 mentem

77 934 201 962 inquietam
210 932 318 955 laboranti
332 937 414 955 certum
424 932 526 955 levamen
539 931 568 955 af-

77 960 159 994 ferant.
188 961 287 990 Aulicus,
300 962 338 992 qui
346 961 451 991 Principis
461 961 493 984 sui
501 961 572 989 grafia
