653 1114
142 98 472 130 zcanzmzctm
521 109 548 131 41

70 153 125 181 Qxis
138 152 235 176 nostrum
253 160 300 176 non
315 155 338 176 in
352 153 418 177 semet
430 154 473 184 ipso
487 162 550 185 expe,-

69 184 139 209 titur,
153 188 221 204 unam
238 185 302 211 atque
320 183 410 205 eandem
424 191 471 206 rem
483 184 551 206 diver-

69 210 96 233 ὃς
108 210 241 239 temporibus
256 210 322 240 longe
336 211 395 233 aliter
405 213 500 241 itemque
514 211 550 235 ali,

69 242 102 262 ter
117 238 157 261 fibi
172 239 323 268 repraesentari
332 256 338 267 ‚
354 244 416 269 prout
433 239 504 263 sensus
517 247 550 263 or-

69 274 164 296 ganum,
190 268 234 289 uod
247 269 329 296 tangit,
341 269 397 290 varie
412 268 550 291 constitutum

68 295 117 319 est?
189 296 259 319 ustatu
268 300 370 326 quantam
382 301 418 320 aut
430 301 497 324 aetas,
512 300 549 319 aut
563 297 565 300 '

68 324 168 352 morbus,
184 324 344 354 discrepantiam
357 327 411 354 parit
422 327 427 349 !
446 326 506 353 Quae
518 329 549 347 te-

68 359 147 375 nerum
166 353 256 375 infantis
273 353 368 383 palatum
387 353 437 376 olim
455 354 547 381 horruit,

69 382 140 404 eidem
158 381 231 404 adulto
249 381 309 411 saepe
327 382 473 409 jucundissima
491 390 497 404 :
528 383 549 405 δι

69 409 204 439 quotidianae
216 412 273 432 inter
288 411 384 433 Medicos
399 410 548 433 observationis

68 437 110 465 est,
140 442 215 466 otum,
230 440 267 469 qui
280 438 406 461 febricitanti
419 438 482 469 paulo
498 442 549 461 ante

117 468 121 471 '
139 474 196 490 lmus
209 471 253 490 erat
263 484 269 494 ,
283 467 363 494 eidem,
378 475 426 490 cum
437 468 501 489 febris
514 467 549 489 de-

68 494 136 523 ceffit,
150 496 218 518 videri
232 495 388 523 detestabilem,
402 496 505 517 redeunte
519 499 547 517 m-

67 531 120 546 men
148 524 208 546 febre
235 531 287 546 mox
310 525 388 546 iterum
414 524 546 553 placiturum.

67 551 174 575 Sensuum
193 556 331 574 externorum
350 551 422 574 nullus
445 551 492 579 est,
511 552 547 581 qui

67 588 114 602 non
133 580 262 603 documenta
277 580 335 603 istius
353 581 383 603 rei
403 581 424 603 &
442 580 511 602 multa
527 581 547 602 &

67 609 156 631 indubia
177 610 244 631 cuivis
263 608 329 631 semet
346 609 414 637 ipsum
429 608 547 630 attendenti

68 644 194 666 expromere
203 636 272 667 poffit.
291 637 391 659 Internos
402 641 485 663 autem,
494 643 547 665 quos

67 669 166 692 vocant,
187 665 290 687 confimili
312 667 394 687 ratione
412 665 433 687 se
455 665 546 692 habere²

67 697 93 715 ut
103 693 143 715 alia
157 695 252 721 mittam,
267 693 347 715 somnia
360 695 424 715 etiam
437 696 500 725 atque
513 692 547 714 de-

66 721 113 744 liria
124 722 260 745 manifestum
271 722 357 744 faciunt.
386 722 486 750 Inpriffus
496 727 546 742 vem

66 750 121 772 illud
130 754 250 773 memoratu
263 749 406 778 digniffimum
417 749 457 776 est,
468 755 546 777 organa

67 779 168 808 Corporis
184 782 270 803 tantum
285 778 393 807 potestatis
406 778 429 799 in
448 778 546 800 Mentem

66 806 165 834 habere;
183 810 208 829 ut
224 808 288 829 etiam
302 806 402 828 scientem
418 804 546 834 quandoque

66 834 158 862 fallant,
174 842 197 857 ac
212 842 274 864 perce
282 834 384 857 ‘tionibus
399 841 470 856 rerum
479 849 485 859 ‚
502 836 547 855 tan-

67 870 133 892 quam
149 863 165 885 fi
185 870 236 886 vere
259 871 270 885 a
286 862 326 885 fint
337 878 343 889 ,
367 870 415 884 eam
433 861 529 893 imbpnnt
539 875 545 886 ,

67 898 120 920 quas
141 895 214 913 tamen
231 890 300 913 abess'e
311 906 317 918 ,
343 897 383 913 nec
402 890 480 919 percip1
498 896 510 911 a
526 887 546 910 se

66 918 125 952 posse
133 935 140 945 ,
153 919 307 942 evidentiffirne
320 918 436 951 cognoscat.
461 917 546 949 ‚Magno

66 946 90 968 1d
108 946 169 976 saepe
186 947 324 970 incommodo
340 947 376 968 luo
395 948 546 975 experturum,
