653 1114
166 106 503 137 ACADEMlCUS.
551 114 578 134 3¹

84 160 223 192 quentiffime
232 160 320 184 Febrim
333 161 414 183 excitet
421 176 428 188 ,
445 161 579 185 documento

84 189 115 212 est
134 189 248 217 evidenti,
263 189 417 212 vehementius
439 191 517 218 agitata
530 190 578 213 sen-

82 218 145 240 suum
154 225 237 247 organa
251 224 302 240 eum
315 225 414 248 quoque,
431 219 467 248 qui
479 219 576 242 circuitui

82 247 202 270 humorum
211 246 305 275 praeest,
316 250 425 269 mutorem
434 247 575 271 conturbare:

81 282 124 298 nec
146 275 212 303 hujus
235 276 300 297 etiam
319 282 420 303 enormes
435 277 530 305 impetus
550 277 576 299 in

81 304 178 333 Corpore
189 304 254 331 ferri,
270 304 324 333 quin
337 303 426 326 vieiffim
437 320 443 331 ‚
456 304 514 334 quod
528 304 576 327 sen-

79 332 143 355 suum
159 340 242 361 organa
259 333 341 354 animat
351 349 357 359 ,
373 334 502 362 principium
521 333 575 356 adfi-

80 363 160 389 ciatur,
174 362 238 383 docet
245 377 251 388 ,
263 368 292 383 ne
301 360 342 383 alia
353 368 521 384 commemorem
528 378 534 390 ,
544 369 574 384 ex

78 390 148 414 Febre
158 391 223 413 toties
235 389 324 412 nascens
335 390 476 420 Defipieutia.

109 448 172 476 Quae
181 446 198 469 fi
207 448 255 477 quis
265 446 338 469 sedulo
351 446 436 476 fingula
445 447 571 477 perpendit,

78 478 100 499 &
108 477 186 499 cundbt
194 477 245 498 dein
256 477 313 498 inter
324 476 345 498 se
353 480 473 505 comparat,
481 478 501 499 ei
512 477 571 499 haud

77 504 165 527 difficile
178 504 209 527 est
221 504 356 533 intelligere,
371 507 409 534 qui
418 505 507 527 demum
520 504 569 533 fiat,

77 537 102 556 ut
117 533 222 556 limitatus
237 532 274 556 ille
283 549 289 560 ‚
306 541 372 563 quem
392 533 453 563 supra
468 533 570 563 exposui,

75 563 149 585 Animi
159 566 224 591 atque
236 562 338 591 Corporis
347 561 473 589 consensus,
481 564 502 585 Sc
511 564 536 584 in
546 562 568 585 se

76 595 153 613 mutuo
165 590 243 619 agendi
251 592 295 617 vis,
304 595 350 612 tam
359 590 426 619 longe
435 590 520 620 lateque
531 598 568 613 ex-

75 623 109 642 tra
119 619 227 642 cancellos
237 627 250 641 a
260 622 338 641 natura
346 618 426 648 pofitos
438 620 567 648 egrediatur,

75 649 236 677 quamprimum
254 649 277 670 in
291 647 395 670 alterutro
413 647 516 676 insignior
530 647 567 670 ali-

74 684 118 706 qua
133 677 252 699 commotio
270 677 373 699 exoritur.
418 677 489 699 Habet
504 677 567 699 nimi-

73 713 123 727 rum
133 706 217 729 Mentis
231 705 285 727 illud
300 709 367 730 'Eroffir
376 723 381 730 ‚
396 707 457 732 cujus
473 706 566 728 mentio-

74 741 126 756 nem
141 734 183 756 feci
193 750 200 761 ‚
217 741 268 755 cum
283 740 308 755 ea
322 737 382 762 parte
395 734 496 763 Principii
509 734 568 756 Inci-

72 763 139 785 tantis
157 763 199 785 Cor
215 763 277 789 orei,
306 770 362 791 quae
376 762 499 785 funckiones
514 763 565 785 Ani-

72 791 141 813 males
157 799 195 813 mo
211 794 283 813 eratus
294 807 300 817 ‚
321 792 446 819 proximum
460 798 564 813 commer-

72 820 136 842 cium.
181 820 252 842 Datur
271 820 336 841 etiam
353 820 410 842 inter
427 820 483 841 hanc
497 824 562 849 atque

71 848 161 871 alteram
174 848 233 870 iffius
247 849 349 876 Principii
362 851 445 876 partem
454 865 460 874 ,
475 856 516 877 qua
530 855 563 870 xe-

71 875 142 905 liquae
165 876 289 899 funffiones
316 877 358 899 Cor
374 878 417 898 oris
441 877 563 905 gubernam

70 908 106 927 tur
117 921 124 932 ‚
142 905 201 927 haud
216 904 304 928 obscura
318 912 359 927 con
370 905 436 927 enfio.
466 904 562 932 Quoties-

70 940 157 962 cunque
164 935 229 962 igitus
239 934 355 956 violentior
363 935 386 955 in
397 934 473 956 Mente
480 937 562 962 pertur-

70 961 127 984 batio
138 961 221 991 surgit,
233 968 310 985 nonne
325 961 435 985 neceffum
449 961 495 990 est,
513 968 560 984 non
