653 1114
94 111 134 132 138
227 106 398 130 SERMO
426 107 455 129 11.

92 160 168 187 aetati,
178 160 251 187 sexui,
259 161 385 191 temperiei,
399 161 456 184 vitae
466 161 553 190 generi,
560 160 584 184 fi-

91 188 183 217 gillatim
194 189 313 217 conducat,
325 190 441 218 diligenter
454 189 566 219 exponere
575 199 583 218 ;

91 225 165 247 neque
173 219 195 241 δι
204 217 240 240 offl
244 219 276 240 cio
287 218 325 241 suo
334 217 403 241 deeffe
413 219 437 240 in
450 218 583 247 enarrandis,

91 254 148 276 quae
163 254 251 270 morum
266 247 405 277 perverfitute
425 248 480 270 vitae
495 255 519 269 ac
530 247 584 270 sani-

90 276 130 298 uiti
142 275 278 304 inferantur,
288 277 427 299 nocumentis
434 292 440 303 ,
454 281 520 305 atque
528 275 583 298 adeo

90 303 161 327 milies
170 305 261 334 repetita
271 304 314 328 ess'e
321 306 342 328 &
353 304 459 327 inculcata
465 320 471 332 ‚
480 311 536 334 quae
545 304 584 327 ho-

90 334 174 360 mines,
184 334 251 356 modo
261 334 335 363 sapere
348 334 428 360 velint,
440 334 466 356 ab
477 334 584 362 intempe-

90 363 161 384 tantia
173 361 261 384 valeant
271 362 386 392 depellere.
418 362 524 390 Quocirca
534 361 584 384 faci-

90 390 111 414 le
121 391 171 420 quis
181 390 301 418 existimet,
314 391 370 414 nihil
380 391 498 414 admodum
508 391 550 413 hac
559 391 584 413 in

90 423 152 450 parte
160 419 281 442 deliderari.
310 421 394 444 Verum
402 423 486 447 tamen,
498 419 539 442 nifi
546 426 583 442 me

91 449 166 470 omnia
181 447 259 471 fallant
266 465 273 476 ,
289 447 356 478 longe
373 448 434 471 aliter
450 448 529 471 sentire
548 448 584 470 de-

90 477 156 504 bent,
164 480 218 507 quot
233 481 283 504 uot,
291 477 334 500 sola
343 477 528 506 contemplatione
535 484 583 499 non

91 507 204 533 contenti,
225 506 330 529 aciundae
345 508 410 529 etiam
420 506 543 529 Medicinae
553 505 584 527 se-

90 539 138 557 met
150 534 287 557 addixerunt.
317 535 406 557 Etenim
416 535 457 557 hoc
472 536 503 557 rei
518 537 583 563 caput

91 563 134 590 est,
140 566 177 591 ut,
183 571 249 593 quam
257 564 321 587 nobis
331 563 400 586 studio
409 571 433 586 ac
442 563 515 586 labore
525 570 583 585 com-

90 593 213 621 paravimus
222 608 229 619 ‚
240 592 344 614 medendi
353 592 464 615 scientiam
475 593 499 614 in
512 591 583 621 publi-

91 627 129 643 cae
138 620 236 643 utilitatis
243 620 338 643 fructum
346 625 505 643 convertamus.
520 620 583 643 Tum

90 656 158 676 vero,
174 650 207 672 uti
226 649 361 678 singulorum
378 649 439 672 saluti
454 648 583 678 prospicien-

92 677 145 700 dum
158 677 189 699 est
196 693 204 705 ‚
215 679 245 700 ita
256 685 300 700 non
316 677 393 700 sufficit
402 678 526 700 communia
537 684 583 699 mo-

91 706 120 729 du
127 706 225 735 pluribus
234 707 327 734 intueri,
335 706 371 729 sed
383 708 404 729 δι
414 707 528 736 praecipue
539 707 583 729 cui-

91 736 124 757 vis
134 735 219 757 homini
227 737 324 764 propria,
333 743 340 756 1
347 743 426 758 uorum
433 734 482 757 fitne
490 738 536 757 tam
543 736 583 756 im-

90 763 165 786 mensa
172 765 264 786 occurrit
273 764 332 786 diver
341 768 382 786 itas
388 779 395 790 ‚
406 764 464 786 utin
473 763 535 785 Omni
543 763 583 785 ho-

90 793 177 815 minum
202 800 267 815 enere
279 800 308 815 ne
320 793 374 815 duos
383 792 471 821 quidem
480 793 581 814 invenias

90 821 148 843 inter
162 820 182 843 sc
192 828 204 843 e
220 820 348 843 examuffim
364 820 450 842 ssmiles.
492 821 526 843 Ex
537 826 582 849 quo

90 849 232 878 intelligitur,
249 849 415 875 Medicinalern,
428 856 482 877 quae
494 850 518 871 in
531 850 582 871 tiro-

91 884 147 900 num
158 880 249 905 gratiam
261 878 363 904 traditur,
377 878 403 899 de
416 877 532 899 hominum
540 876 579 898 dif-

90 905 189 929 serendis
206 906 325 929 dodrinam
346 905 413 935 longe
435 905 582 934 angustiorem

92 933 134 957 effe
143 951 150 961 ‚
166 943 232 965 quam
243 942 299 965 quae
315 934 453 964 amplitudini
464 934 523 957 istius
537 940 583 955 ma-

91 964 158 985 retiae
168 967 281 994 utcumque
292 962 435 993 respondeat,
449 961 584 990 vivendique.
