653 1114
79 110 121 134 !36
207 107 375 131 SERMo
404 109 433 131 11.

77 162 156 189 rebus,
165 169 219 192 quas
228 162 309 192 oppido
315 161 394 185 multas
404 169 523 191 gravesque
532 162 566 184 ad-

78 190 122 217 huc
131 190 242 220 proposui,
255 194 299 214 tarn
310 191 371 213 nullo
381 190 453 213 labore
464 191 512 213 elici
522 191 567 220 pos-

78 218 100 242 se
107 236 114 245 ,
127 223 165 246 ut,
175 219 190 241 fi
201 219 279 242 elicere
288 227 368 249 magno
381 220 496 242 verborum
505 227 567 249 appa-

65 274 67 276 *
79 251 128 271 ratu
137 254 179 277 ego
190 247 315 275 sustineam,
331 256 417 275 verear,
429 255 457 270 ne
472 251 510 270 aut
523 255 568 270 mo-

79 276 146 300 lestus
157 276 196 299 sun
207 277 270 300 vobis
279 294 285 305 ,
297 281 334 300 aut
346 284 375 299 ne
388 278 482 305 ingeniis
493 276 567 299 vestris

73 305 154 328 vvidear
165 304 270 328 diffidere.
307 306 393 329 Etenim
407 305 461 328 illud
472 305 568 335 profcc‘to

79 333 273 357 manifestiffimum
287 334 329 357 feci
339 350 345 361 ‚
358 333 428 357 causas
439 333 569 356 occaiiones.

81 369 124 392 que
133 362 275 392 plurimarum
288 364 381 392 corporis
391 362 529 385 affectionum
541 369 569 385 ex

80 392 155 413 animo
169 407 177 419 ,
199 394 304 421 tanquam
319 399 347 414 ex
364 391 425 414 fonte
443 391 480 414 suo
491 407 498 418 ‚
537 398 569 413 ro-

81 418 157 443 fluere.
190 420 256 443 Unde
268 420 417 450 consequitur,
430 420 487 443 bene
497 427 524 441 va
533 427 570 441 en-

81 451 116 471 tes
127 455 172 471 non
179 448 245 471 modo
252 449 276 471 in
287 452 422 477 congruente
433 449 500 471 animi
508 448 570 471 actio-

82 483 138 499 num
155 478 262 506 regimine
283 477 365 506 grande
382 477 461 500 habere
475 477 569 499 tuendae

81 504 177 528 sanimtis
192 505 321 535 praesidium
333 514 341 533 3
359 505 395 528 sed
407 507 430 528 in
442 506 571 534 aegrotanti-

82 533 124 556 bus
137 535 217 561 etizuu,
251 535 273 557 ui
286 535 314 557 ob
331 535 397 557 animi
414 534 498 563 culpam
513 534 571 556 labo-

82 565 144 590 rant,
154 564 192 585 vix
218 563 240 585 ui
256 571 321 592 quam
332 563 402 585 bonae
410 563 477 592 frugis
488 563 571 585 obrjne-

82 592 102 613 ri
115 606 123 617 ‚
140 590 180 613 nifi
190 599 202 613 a
237 592 323 614 ’rimam
340 591 391 613 mali
410 593 528 620 originem,
544 591 571 613 ad

82 618 196 671 ἱρΓιΠηἙιε
214 627 227 642 a
243 627 269 642 eo
284 621 381 643 animum
400 621 480 643 curatio
496 620 571 648 diriga-

82 650 126 670 tur.
179 649 227 671 ocui
239 652 348 678 praeterea
358 665 364 675 ,
378 650 399 671 δι
411 649 477 671 multu
491 649 514 670 in
528 649 572 670 ani-

83 683 122 699 mo
134 675 201 699 inesse
212 678 233 699 δι
247 676 392 706 potentiffima
404 677 502 699 adversae
515 676 572 699 vale-

85 704 169 727 tudinis
185 704 264 727 auxilia
275 721 282 732 ‚
300 706 378 735 quibus
392 712 442 728 cum
461 705 572 727 mitescant

84 733 170 760 morbi,
178 736 227 756 turn
238 735 316 756 certius
325 734 439 763 aliquando
448 735 571 763 tutiusque,

100 769 151 783 uam
167 763 244 791 quovis
258 762 302 784 alio
315 762 462 787 remediorum
477 769 572 791 genere,

93 793 194 813 anentur.

114 846 177 874 Quae
187 854 237 870 cum
250 848 280 870 ita
295 846 337 870 fint
346 863 353 873 ‚
382 848 416 869 uis
428 847 516 870 tandem
531 846 572 874 est,

85 876 123 926 Fui
135 882 181 897 non
194 875 314 904 intelligat,
327 855 418 898 Megicis
426 876 449 897 in
461 879 535 898 mente
546 875 574 898 ad

79 912 81 914 ·
95 903 175 926 alutem
186 905 281 933 corporis
294 904 392 933 regunda
402 903 482 933 duplex
491 905 574 926 incum-

85 932 138 954 bere
154 931 266 960 officium3
282 931 389 958 alterum,
405 939 449 962 quo
466 933 575 960 corrigant

88 963 229 990 avertantque
239 976 246 988 ,
263 967 317 991 quas
334 961 400 983 animi
424 961 576 983 irnmodemt'm
