653 1114
79 98 120 121 1⁸0
239 86 409 117 SERMO

77 148 186 172 mediocre
199 148 299 171 solatium
314 148 409 172 tristitiae
424 148 473 172 suae
484 148 571 176 Musae,

92 178 137 201 uod
150 178 244 201 Parente
262 178 342 200 orbatis
362 178 434 201 Mater
449 177 571 207 supereflet.

96 207 253 236 ATHARINA
269 208 311 229 ton·
320 223 326 234 ‚
341 208 446 230 virtutum
456 223 463 234 ,
474 206 572 229 confilio-

78 240 131 259 rum'
138 237 160 259 δι
169 236 253 265 imperii
265 236 339 262 Socra,
349 239 374 258 ut
384 237 458 258 animo
470 235 532 265 supra
543 235 573 258 se-

78 272 133 288 xum
141 264 197 287 elata
205 280 212 291 ,
221 263 317 294 ¹vestigiis
326 264 417 288 PETRI
430 265 531 288 MAGNI
540 265 573 287 in-

78 293 154 316 fistens
165 309 172 321 ,
198 293 303 323 quidquid
329 294 371 316 Hic
394 293 528 323 praeclarum
548 294 573 316 in

78 322 221 345 commodum
231 321 260 344 sui
277 322 352 352 populi
364 322 515 349 constituerat,
527 323 574 344 imi-

79 354 123 374 tata
132 367 139 378 ‚
150 350 241 374 ulterius
249 350 338 373 fovebat
344 367 351 378 ,
360 350 498 380 perficiebat,
507 350 573 373 absol-

79 380 191 407 vebat‚ita
201 383 268 407 artes,
278 379 375 402 scientms
385 381 406 403 &
414 380 483 402 bonas
491 379 572 406 literas,

79 409 157 431 harum
171 408 214 438 ipsa
228 408 342 431 dulcedine
353 412 415 438 capta
424 425 431 436 ‚
445 409 541 438 protexit
551 409 573 431 διε

79 438 152 463 auxit,
158 441 224 467 atque
230 437 357 460 Academiae
364 437 481 467 primordia
492 437 519 460 ad
530 436 573 460 cul-

80 473 134 489 men
144 467 223 489 evexit.
268 465 349 493 Quales
361 473 414 489 vero
426 466 509 489 frquus
521 466 573 488 inde

80 496 202 524 perceperit
215 495 335 529 Imperium
346 502 393 517 non
404 495 482 522 modo,
494 502 573 517 verum

80 525 102 546 δε
111 523 224 548 universae
237 524 336 553 Luropae
346 523 458 546 literarum
472 523 574 553 respubli-

81 560 113 580 ca,
120 556 154 578 tot
162 551 268 577 exhibent
277 551 328 575 laeti
335 552 436 580 Alumni,
443 556 476 575 tot
485 552 573 579 docent,

81 588 137 611 quae
148 581 231 604 cunstis
240 581 263 603 in
276 581 377 603 manibus
385 580 446 609 sunt,
457 580 573 610 sapientiae

81 610 191 632 humanae
198 613 349 633 monumenta.

84 678 88 681 ¹
111 667 196 691 Seriem
204 670 328 696 temporum
343 670 409 696 atque
419 668 442 689 in
455 674 480 690 ea
495 667 575 690 Acade.

81 697 139 719 miae
149 694 233 719 nostrae
243 694 377 724 progressum
392 697 413 719 &
427 696 471 719 fata
485 703 532 718 non
544 699 574 718 ab·

81 725 174 752 fingam.
204 724 299 747 Unicum
312 728 387 747 tamen
400 726 516 754 praeterire
528 731 574 747 non

89 752 173 777 ioss'um.
204 752 260 776 Cum
270 752 379 780 justiffima
389 753 426 776 sua
436 753 528 776 haerede
542 761 575 776 or-

99 790 137 805 um
147 780 285 804 vastiffimum
295 781 415 810 Imperium
423 783 447 804 in
456 782 513 804 diem
523 782 575 804 salu-

57 838 59 840 ,
83 811 137 834 tatia
143 810 231 834 videbat
237 809 319 838 negligi
327 810 478 833 Formatorum
486 809 575 833 suorum

84 839 181 864 instituta
190 854 196 866 ,
210 845 260 860 cum
271 838 298 860 de
309 839 396 867 ancipiti
408 845 481 861 rerum
492 842 575 861 eventu

84 868 180 890 maxime
189 866 290 889 sollicitae
299 867 373 889 forent
384 868 516 896 optimorum
526 868 576 889 civi-

84 898 123 919 um
138 897 223 918 animae
231 911 239 922 ,
266 902 295 917 uo
308 895 397 918 demum
409 896 512 924 temporis
526 896 576 918 arti-

85 924 134 947 culo
139 926 238 946 inermes
244 924 258 946 Β
271 923 318 946 υῐὴε
324 923 369 946 fere
377 923 465 946 exulare
472 930 576 952 cogeren-

86 956 121 975 tur
137 952 281 982 proscriptae,
301 952 465 977 ELISABETA
484 951 577 976 PETRI
