653 1114
82 83 98 111 ’4
216 82 386 106 SERMo
414 84 431 106 1.

80 136 218 160 conditiones
227 138 327 167 proxime
335 140 434 166 mutant5
445 139 534 161 rationis
544 142 575 161 ta-

79 172 134 187 men
143 173 156 187 a
180 173 209 188 ue
217 165 376 195 intelligentiae
387 168 431 188 vim
440 167 515 190 eadem
524 175 574 197 ope-

79 200 104 216 ta
114 198 209 223 graviter
224 193 333 217 adficere?
352 195 387 217 An
400 196 500 225 cuiquam
513 198 574 225 iguo-

79 225 128 245 tum
137 222 179 246 effe
204 222 271 250 otest,
283 223 338 246 nasci
349 224 476 247 homiuibus
486 232 573 254 percep<

78 252 166 274 tionum
174 251 195 274 fa
212 253 280 279 acius,
294 253 417 280 imaginum
427 252 572 280 delimtiones,

78 281 161 303 mentis
169 280 318 308 alienationes,
331 288 423 310 quarum
431 280 519 309 ssmatio,
533 281 572 304 nisi

78 308 180 333 Elleboto
191 308 314 339 perficiatur
321 325 327 336 ,
334 309 495 338 exquilitiffimo
506 312 572 333 etiam

78 338 172 367 Logices
184 341 287 367 apparatu
299 337 376 360 frustra
390 339 501 361 tentatur?
518 340 547 362 Ek
555 338 572 362 fi

48 369 50 372 ’
78 367 114 390 cui
123 366 205 396 voiupe
216 366 256 393 est,
269 370 377 396 quantum
385 367 489 394 ebrietas,
503 369 571 396 gravi-

78 395 146 422 dims,
160 399 205 418 atra
216 395 278 422 bffis,
293 395 329 417 alii
344 402 371 417 ue
385 395 407 417 id
417 402 488 424 genus
497 404 571 426 corpo-

78 425 111 447 rei
122 423 203 447 ffimuli
215 425 238 446 in
252 431 323 446 mores
355 425 455 446 ominum
469 424 569 453 valeant,

78 454 184 476 attentius
192 453 346 482 cmitemplari;
361 453 379 474 is
391 452 459 479 ultro,
475 461 488 475 o
504 454 552 476 inor
561 470 568 481 ‚

77 481 218 504 confitebitur
223 497 230 509 ,
247 481 352 503 moralem
361 482 434 503 Animi
445 481 493 503 facu
502 485 569 505 tatem

75 510 136 533 haud
144 511 229 537 minus,
242 517 308 540 quam
316 509 457 537 rationalem,
469 509 507 533 sub
518 511 569 533 Cor-

75 540 135 573 pon's
151 538 256 568 potestate
269 538 323 566 esse,
340 541 405 567 atque
419 546 466 560 non
478 546 568 562 omnem

74 568 279 597 intemperantiam,
294 568 315 589 &
324 565 459 589 libidinosam
470 567 568 597 volupta-

74 600 122 620 tem
131 612 138 624 ‚
155 597 176 619 &
189 596 315 623 avaritiam,
332 597 354 618 &
369 595 567 624 inhumanitatem,

74 627 97 648 ἅ,
106 626 215 654 impetum
229 624 256 646 ad
264 624 336 651 furta,
351 625 373 646 ἃ
382 623 479 646 furorem
489 625 517 647 ad
529 626 567 647 ho-

72 654 160 676 micidia
167 669 174 681 ‚
192 654 213 676 ει
221 652 332 675 saevitiem
345 653 369 675 iu
378 654 465 682 propria
474 652 552 676 viscera
558 670 566 682 ,

73 683 129 705 adeo
141 681 226 712 prorsus
240 681 277 704 soli
290 681 373 710 semper
387 682 461 703 animo
476 682 565 710 deberi,

72 714 99 734 ut
111 718 158 734 non
188 710 304 739 nandoque
314 717 342 732 ex
353 710 417 732 bruto
432 711 505 739 potius
515 711 566 734 Cor.

71 747 126 770 pore
134 747 174 770 pro
191 746 254 766 uere,
268 743 332 768 atque
344 739 440 761 invitum
451 738 510 769 quafi
514 740 565 763 Ani-

70 776 135 792 mum
142 770 167 791 in
174 768 299 791 societatem
306 767 389 790 sceleris
400 767 427 789 ab
441 766 479 789 illo
485 771 565 796 pertra-

70 797 95 820 hi
104 797 222 820 dicendum
231 795 262 818 fit.

97 854 182 879 Verum
196 851 263 882 longe
284 852 407 875 evidentius
424 853 490 874 etiam
513 851 544 875 est
554 868 562 881 ‚

68 883 129 913 quod
135 882 202 905 Mens
210 882 234 904 in
241 882 325 910 Corpus
334 883 429 913 exercjess
438 881 562 909 imperium,

67 913 136 945 inque
150 918 177 934 eo
190 910 327 939 agnoscendo
337 915 438 930 omniurn
448 908 494 930 fere
503 909 563 932 Mor-

67 940 145 965 talium
155 937 255 968 ruffiagia
264 940 294 961 ita
305 936 456 964 consentiunt,
475 942 511 966 ut,
524 937 561 968 qui
