<?xml version="1.0" encoding="UTF-8"?>
<!DOCTYPE html PUBLIC "-//W3C//DTD XHTML 1.0 Transitional//EN"
    "http://www.w3.org/TR/xhtml1/DTD/xhtml1-transitional.dtd">
<html xmlns="http://www.w3.org/1999/xhtml" xml:lang="en" lang="en">
 <head>
  <title>
</title>
<meta http-equiv="Content-Type" content="text/html;charset=utf-8" />
  <meta name='ocr-system' content='tesseract 3.04.00' />
  <meta name='ocr-capabilities' content='ocr_page ocr_carea ocr_par ocr_line ocrx_word'/>
</head>
<body>
  <div class='ocr_page' id='page_1' title='image "./sermonesiiacade00gaubgoog_0102.png"; bbox 0 0 653 1114; ppageno 0'>
   <div class='ocr_carea' id='block_1_1' title="bbox 210 58 615 75">
    <p class='ocr_par' dir='ltr' id='par_1_1' title="bbox 210 58 615 75">
     <span class='ocr_line' id='line_1_1' title="bbox 210 58 615 75; baseline 0.007 -3"><span class='ocrx_word' id='word_1_1' title='bbox 210 58 615 75; x_wconf 60' lang='lat' dir='ltr'>m.—</span> 
     </span>
    </p>
   </div>
   <div class='ocr_carea' id='block_1_2' title="bbox 134 123 541 163">
    <p class='ocr_par' dir='ltr' id='par_1_2' title="bbox 134 123 541 163">
     <span class='ocr_line' id='line_1_2' title="bbox 134 123 541 163; baseline -0.002 -4"><span class='ocrx_word' id='word_1_2' title='bbox 134 135 463 160; x_wconf 65' lang='lat' dir='ltr'>Acanssmzcvs.</span> <span class='ocrx_word' id='word_1_3' title='bbox 495 123 541 163; x_wconf 65' lang='lat'>&#39;91</span> 
     </span>
    </p>
   </div>
   <div class='ocr_carea' id='block_1_3' title="bbox 57 190 543 865">
    <p class='ocr_par' dir='ltr' id='par_1_3' title="bbox 57 190 543 865">
     <span class='ocr_line' id='line_1_3' title="bbox 63 190 543 218; baseline 0 -6"><span class='ocrx_word' id='word_1_4' title='bbox 63 190 156 215; x_wconf 76' lang='lat' dir='ltr'>fallaciae</span> <span class='ocrx_word' id='word_1_5' title='bbox 175 190 355 218; x_wconf 83' lang='lat' dir='ltr'>perceptionum,</span> <span class='ocrx_word' id='word_1_6' title='bbox 371 191 392 212; x_wconf 66' lang='grc' dir='ltr'>ὃς</span> <span class='ocrx_word' id='word_1_7' title='bbox 410 190 543 218; x_wconf 76' lang='lat' dir='ltr'>imaginatio-</span> 
     </span>
     <span class='ocr_line' id='line_1_4' title="bbox 62 217 541 246; baseline 0 -5"><span class='ocrx_word' id='word_1_8' title='bbox 62 225 117 242; x_wconf 82' lang='lat' dir='ltr'>mun</span> <span class='ocrx_word' id='word_1_9' title='bbox 130 217 234 246; x_wconf 84' lang='lat' dir='ltr'>figmenta</span> <span class='ocrx_word' id='word_1_10' title='bbox 247 233 254 245; x_wconf 94' lang='lat'>‚</span> <span class='ocrx_word' id='word_1_11' title='bbox 272 218 292 240; x_wconf 89' lang='lat'>&amp;</span> <span class='ocrx_word' id='word_1_12' title='bbox 315 217 442 244; x_wconf 82' lang='lat' dir='ltr'>judiciorum</span> <span class='ocrx_word' id='word_1_13' title='bbox 460 225 541 241; x_wconf 81' lang='lat' dir='ltr'>errores</span> 
     </span>
     <span class='ocr_line' id='line_1_5' title="bbox 62 246 542 276; baseline 0.002 -8"><span class='ocrx_word' id='word_1_14' title='bbox 62 248 136 271; x_wconf 72' lang='lat' dir='ltr'>fucum</span> <span class='ocrx_word' id='word_1_15' title='bbox 144 246 269 268; x_wconf 78' lang='lat' dir='ltr'>mortalibus</span> <span class='ocrx_word' id='word_1_16' title='bbox 276 246 372 268; x_wconf 78' lang='lat' dir='ltr'>faciunt?</span> <span class='ocrx_word' id='word_1_17' title='bbox 384 247 466 276; x_wconf 87' lang='lat' dir='ltr'>Corpus</span> <span class='ocrx_word' id='word_1_18' title='bbox 473 247 542 276; x_wconf 81' lang='lat' dir='ltr'>ipsum</span> 
     </span>
     <span class='ocr_line' id='line_1_6' title="bbox 62 273 540 304; baseline 0 -6"><span class='ocrx_word' id='word_1_19' title='bbox 62 279 145 302; x_wconf 80' lang='lat' dir='ltr'>aetate,</span> <span class='ocrx_word' id='word_1_20' title='bbox 160 273 224 301; x_wconf 87' lang='lat' dir='ltr'>sexu,</span> <span class='ocrx_word' id='word_1_21' title='bbox 242 274 361 303; x_wconf 82' lang='lat' dir='ltr'><strong>temperie,</strong></span> <span class='ocrx_word' id='word_1_22' title='bbox 377 276 433 297; x_wconf 83' lang='lat' dir='ltr'>vitae</span> <span class='ocrx_word' id='word_1_23' title='bbox 449 282 540 304; x_wconf 85' lang='lat' dir='ltr'>genere,</span> 
     </span>
     <span class='ocr_line' id='line_1_7' title="bbox 61 303 541 329; baseline 0 -2"><span class='ocrx_word' id='word_1_24' title='bbox 61 304 149 329; x_wconf 83' lang='lat' dir='ltr'>morbo,</span> <span class='ocrx_word' id='word_1_25' title='bbox 158 303 258 325; x_wconf 77' lang='lat' dir='ltr'>mobilius</span> <span class='ocrx_word' id='word_1_26' title='bbox 268 311 292 325; x_wconf 78' lang='lat' dir='ltr'>ac</span> <span class='ocrx_word' id='word_1_27' title='bbox 305 303 410 326; x_wconf 76' lang='lat' dir='ltr'>incitatius</span> <span class='ocrx_word' id='word_1_28' title='bbox 422 303 468 326; x_wconf 78' lang='lat' dir='ltr'>suas</span> <span class='ocrx_word' id='word_1_29' title='bbox 477 305 541 327; x_wconf 78' lang='lat' dir='ltr'>etiam</span> 
     </span>
     <span class='ocr_line' id='line_1_8' title="bbox 61 331 541 362; baseline 0.002 -8"><span class='ocrx_word' id='word_1_30' title='bbox 61 336 131 362; x_wconf 79' lang='lat' dir='ltr'>partes</span> <span class='ocrx_word' id='word_1_31' title='bbox 141 332 174 353; x_wconf 86' lang='lat' dir='ltr'>hic</span> <span class='ocrx_word' id='word_1_32' title='bbox 185 338 258 359; x_wconf 85' lang='lat' dir='ltr'>agere,</span> <span class='ocrx_word' id='word_1_33' title='bbox 268 332 408 360; x_wconf 84' lang='lat' dir='ltr'>animumque</span> <span class='ocrx_word' id='word_1_34' title='bbox 417 331 478 361; x_wconf 76' lang='lat' dir='ltr'>saepe</span> <span class='ocrx_word' id='word_1_35' title='bbox 488 334 541 355; x_wconf 87' lang='lat' dir='ltr'>invi-</span> 
     </span>
     <span class='ocr_line' id='line_1_9' title="bbox 61 359 539 388; baseline 0 -5"><span class='ocrx_word' id='word_1_36' title='bbox 61 365 108 383; x_wconf 87' lang='lat' dir='ltr'>tum</span> <span class='ocrx_word' id='word_1_37' title='bbox 118 362 140 383; x_wconf 66' lang='grc' dir='ltr'>ἃ.</span> <span class='ocrx_word' id='word_1_38' title='bbox 148 359 288 382; x_wconf 69' lang='lat' dir='ltr'>reluctantem</span> <span class='ocrx_word' id='word_1_39' title='bbox 299 359 325 382; x_wconf 85' lang='lat' dir='ltr'>de</span> <span class='ocrx_word' id='word_1_40' title='bbox 333 359 387 382; x_wconf 80' lang='lat' dir='ltr'>statu</span> <span class='ocrx_word' id='word_1_41' title='bbox 396 359 433 383; x_wconf 87' lang='lat' dir='ltr'>suo</span> <span class='ocrx_word' id='word_1_42' title='bbox 443 362 539 388; x_wconf 81' lang='lat' dir='ltr'>dejicere,</span> 
     </span>
     <span class='ocr_line' id='line_1_10' title="bbox 62 387 540 418; baseline 0 -6"><span class='ocrx_word' id='word_1_43' title='bbox 62 396 110 412; x_wconf 89' lang='lat' dir='ltr'>curn</span> <span class='ocrx_word' id='word_1_44' title='bbox 132 387 244 410; x_wconf 80' lang='lat' dir='ltr'>domestica</span> <span class='ocrx_word' id='word_1_45' title='bbox 263 395 371 417; x_wconf 84' lang='lat' dir='ltr'>quemque</span> <span class='ocrx_word' id='word_1_46' title='bbox 394 390 540 418; x_wconf 75' lang='lat' dir='ltr'>experimenta</span> 
     </span>
     <span class='ocr_line' id='line_1_11' title="bbox 62 415 539 445; baseline 0.002 -6"><span class='ocrx_word' id='word_1_47' title='bbox 62 418 149 444; x_wconf 79' lang='lat' dir='ltr'>docent,</span> <span class='ocrx_word' id='word_1_48' title='bbox 164 421 212 438; x_wconf 91' lang='lat' dir='ltr'>tum</span> <span class='ocrx_word' id='word_1_49' title='bbox 224 416 330 445; x_wconf 82' lang='lat' dir='ltr'>superiore</span> <span class='ocrx_word' id='word_1_50' title='bbox 344 415 441 440; x_wconf 85' lang='lat' dir='ltr'>sermone</span> <span class='ocrx_word' id='word_1_51' title='bbox 455 418 539 440; x_wconf 79' lang='lat' dir='ltr'>abunde</span> 
     </span>
     <span class='ocr_line' id='line_1_12' title="bbox 61 444 540 475; baseline 0.002 -7"><span class='ocrx_word' id='word_1_52' title='bbox 61 449 112 475; x_wconf 82' lang='lat' dir='ltr'>puto</span> <span class='ocrx_word' id='word_1_53' title='bbox 127 444 300 468; x_wconf 81' lang='lat' dir='ltr'>demonstratum.</span> <span class='ocrx_word' id='word_1_54' title='bbox 333 445 366 467; x_wconf 74' lang='lat' dir='ltr'>Ita</span> <span class='ocrx_word' id='word_1_55' title='bbox 383 453 409 468; x_wconf 89' lang='lat' dir='ltr'>ue</span> <span class='ocrx_word' id='word_1_56' title='bbox 427 445 442 468; x_wconf 88' lang='lat' dir='ltr'>fi</span> <span class='ocrx_word' id='word_1_57' title='bbox 458 446 540 469; x_wconf 79' lang='lat' dir='ltr'>cnusfflu</span> 
     </span>
     <span class='ocr_line' id='line_1_13' title="bbox 61 453 540 502; baseline 0.004 -7"><span class='ocrx_word' id='word_1_58' title='bbox 61 474 126 496; x_wconf 83' lang='lat' dir='ltr'>animi</span> <span class='ocrx_word' id='word_1_59' title='bbox 140 480 199 495; x_wconf 88' lang='lat' dir='ltr'>nunc</span> <span class='ocrx_word' id='word_1_60' title='bbox 214 480 300 502; x_wconf 78' lang='lat' dir='ltr'>agerem</span> <span class='ocrx_word' id='word_1_61' title='bbox 313 488 319 500; x_wconf 93' lang='lat'><em>,</em></span> <span class='ocrx_word' id='word_1_62' title='bbox 336 453 397 496; x_wconf 65' lang='lat' dir='ltr'>facille</span> <span class='ocrx_word' id='word_1_63' title='bbox 414 474 467 496; x_wconf 77' lang='lat' dir='ltr'>mihi</span> <span class='ocrx_word' id='word_1_64' title='bbox 485 475 540 497; x_wconf 86' lang='lat' dir='ltr'>foret</span> 
     </span>
     <span class='ocr_line' id='line_1_14' title="bbox 61 501 539 532; baseline 0.002 -8"><span class='ocrx_word' id='word_1_65' title='bbox 61 509 124 532; x_wconf 81' lang='lat' dir='ltr'>quarn</span> <span class='ocrx_word' id='word_1_66' title='bbox 134 502 225 531; x_wconf 83' lang='lat' dir='ltr'>plurima</span> <span class='ocrx_word' id='word_1_67' title='bbox 233 501 308 524; x_wconf 81' lang='lat' dir='ltr'>afferre</span> <span class='ocrx_word' id='word_1_68' title='bbox 313 517 319 528; x_wconf 82' lang='lat'>‚</span> <span class='ocrx_word' id='word_1_69' title='bbox 327 502 404 531; x_wconf 87' lang='lat' dir='ltr'>quibus</span> <span class='ocrx_word' id='word_1_70' title='bbox 411 507 449 525; x_wconf 82' lang='lat' dir='ltr'>aut</span> <span class='ocrx_word' id='word_1_71' title='bbox 456 502 539 532; x_wconf 77' lang='lat' dir='ltr'>culpam</span> 
     </span>
     <span class='ocr_line' id='line_1_15' title="bbox 61 531 537 560; baseline 0 -7"><span class='ocrx_word' id='word_1_72' title='bbox 61 532 105 558; x_wconf 85' lang='lat' dir='ltr'>ejus</span> <span class='ocrx_word' id='word_1_73' title='bbox 124 534 237 553; x_wconf 82' lang='lat' dir='ltr'>tenum-em</span> <span class='ocrx_word' id='word_1_74' title='bbox 251 546 257 557; x_wconf 88' lang='lat'>,</span> <span class='ocrx_word' id='word_1_75' title='bbox 277 533 315 559; x_wconf 79' lang='lat' dir='ltr'>aut</span> <span class='ocrx_word' id='word_1_76' title='bbox 334 533 391 552; x_wconf 82' lang='lat' dir='ltr'>certe</span> <span class='ocrx_word' id='word_1_77' title='bbox 409 531 537 560; x_wconf 76' lang='lat' dir='ltr'>deprecarer.</span> 
     </span>
     <span class='ocr_line' id='line_1_16' title="bbox 60 559 539 589; baseline 0 -8"><span class='ocrx_word' id='word_1_78' title='bbox 60 559 103 582; x_wconf 87' lang='lat' dir='ltr'>Sed</span> <span class='ocrx_word' id='word_1_79' title='bbox 113 559 181 581; x_wconf 85' lang='lat' dir='ltr'>sentio</span> <span class='ocrx_word' id='word_1_80' title='bbox 194 559 231 581; x_wconf 80' lang='lat' dir='ltr'>abs</span> <span class='ocrx_word' id='word_1_81' title='bbox 245 565 281 580; x_wconf 90' lang='lat' dir='ltr'>me</span> <span class='ocrx_word' id='word_1_82' title='bbox 298 559 392 587; x_wconf 89' lang='lat' dir='ltr'>requiri,</span> <span class='ocrx_word' id='word_1_83' title='bbox 408 563 433 581; x_wconf 86' lang='lat' dir='ltr'>ut</span> <span class='ocrx_word' id='word_1_84' title='bbox 446 559 488 589; x_wconf 70' lang='lat' dir='ltr'>ipfir</span> <span class='ocrx_word' id='word_1_85' title='bbox 502 567 539 588; x_wconf 85' lang='lat' dir='ltr'>po-</span> 
     </span>
     <span class='ocr_line' id='line_1_17' title="bbox 59 586 539 616; baseline 0 -6"><span class='ocrx_word' id='word_1_86' title='bbox 59 589 113 614; x_wconf 78' lang='lat' dir='ltr'>tius,</span> <span class='ocrx_word' id='word_1_87' title='bbox 126 595 181 616; x_wconf 83' lang='lat' dir='ltr'>quae</span> <span class='ocrx_word' id='word_1_88' title='bbox 195 594 271 616; x_wconf 83' lang='lat' dir='ltr'>corpus</span> <span class='ocrx_word' id='word_1_89' title='bbox 282 587 308 609; x_wconf 84' lang='lat' dir='ltr'>ab</span> <span class='ocrx_word' id='word_1_90' title='bbox 322 586 359 609; x_wconf 80' lang='lat' dir='ltr'>illo</span> <span class='ocrx_word' id='word_1_91' title='bbox 372 588 460 615; x_wconf 72' lang='lat' dir='ltr'>patitur,</span> <span class='ocrx_word' id='word_1_92' title='bbox 475 588 539 610; x_wconf 77' lang='lat' dir='ltr'>male-</span> 
     </span>
     <span class='ocr_line' id='line_1_18' title="bbox 59 615 538 644; baseline 0.002 -7"><span class='ocrx_word' id='word_1_93' title='bbox 59 615 107 638; x_wconf 81' lang='lat' dir='ltr'>ficia</span> <span class='ocrx_word' id='word_1_94' title='bbox 119 623 229 637; x_wconf 83' lang='lat' dir='ltr'>enarrem:</span> <span class='ocrx_word' id='word_1_95' title='bbox 247 615 305 644; x_wconf 89' lang='lat' dir='ltr'>quod</span> <span class='ocrx_word' id='word_1_96' title='bbox 321 615 419 644; x_wconf 76' lang='lat' dir='ltr'>equidem</span> <span class='ocrx_word' id='word_1_97' title='bbox 440 616 538 644; x_wconf 81' lang='lat' dir='ltr'>quemad-</span> 
     </span>
     <span class='ocr_line' id='line_1_19' title="bbox 59 643 538 667; baseline 0.002 -1"><span class='ocrx_word' id='word_1_98' title='bbox 59 644 148 666; x_wconf 82' lang='lat' dir='ltr'>modum</span> <span class='ocrx_word' id='word_1_99' title='bbox 159 644 254 666; x_wconf 82' lang='lat' dir='ltr'>ordinate</span> <span class='ocrx_word' id='word_1_100' title='bbox 267 651 289 666; x_wconf 82' lang='lat' dir='ltr'>ac</span> <span class='ocrx_word' id='word_1_101' title='bbox 301 643 401 666; x_wconf 83' lang='lat' dir='ltr'>decenter</span> <span class='ocrx_word' id='word_1_102' title='bbox 412 643 486 666; x_wconf 81' lang='lat' dir='ltr'>faciam</span> <span class='ocrx_word' id='word_1_103' title='bbox 502 644 538 667; x_wconf 56' lang='lat' dir='ltr'>dm</span> 
     </span>
     <span class='ocr_line' id='line_1_20' title="bbox 58 672 538 701; baseline 0.002 -7"><span class='ocrx_word' id='word_1_104' title='bbox 58 673 110 694; x_wconf 87' lang='lat' dir='ltr'>bito.</span> <span class='ocrx_word' id='word_1_105' title='bbox 145 672 230 695; x_wconf 83' lang='lat' dir='ltr'>Tantus</span> <span class='ocrx_word' id='word_1_106' title='bbox 240 672 335 701; x_wconf 66' lang='lat' dir='ltr'>profesto</span> <span class='ocrx_word' id='word_1_107' title='bbox 350 679 425 694; x_wconf 85' lang='lat' dir='ltr'>eorum</span> <span class='ocrx_word' id='word_1_108' title='bbox 436 680 538 695; x_wconf 83' lang='lat' dir='ltr'>numerus</span> 
     </span>
     <span class='ocr_line' id='line_1_21' title="bbox 59 699 537 729; baseline 0.002 -7"><span class='ocrx_word' id='word_1_109' title='bbox 59 700 99 727; x_wconf 85' lang='lat' dir='ltr'>est,</span> <span class='ocrx_word' id='word_1_110' title='bbox 111 704 157 723; x_wconf 75' lang='lat' dir='ltr'>tarn</span> <span class='ocrx_word' id='word_1_111' title='bbox 171 699 284 729; x_wconf 82' lang='lat' dir='ltr'>multiplex</span> <span class='ocrx_word' id='word_1_112' title='bbox 293 701 420 729; x_wconf 85' lang='lat' dir='ltr'>ingenium,</span> <span class='ocrx_word' id='word_1_113' title='bbox 435 708 476 723; x_wconf 89' lang='lat' dir='ltr'>nec</span> <span class='ocrx_word' id='word_1_114' title='bbox 485 701 537 723; x_wconf 80' lang='lat' dir='ltr'>adeo</span> 
     </span>
     <span class='ocr_line' id='line_1_22' title="bbox 58 729 537 758; baseline 0 -7"><span class='ocrx_word' id='word_1_115' title='bbox 58 729 126 752; x_wconf 85' lang='lat' dir='ltr'>ullum</span> <span class='ocrx_word' id='word_1_116' title='bbox 141 729 209 752; x_wconf 78' lang='lat' dir='ltr'>morbi</span> <span class='ocrx_word' id='word_1_117' title='bbox 223 730 324 750; x_wconf 87' lang='lat' dir='ltr'>mortisve</span> <span class='ocrx_word' id='word_1_118' title='bbox 338 735 422 757; x_wconf 84' lang='lat' dir='ltr'>genus,</span> <span class='ocrx_word' id='word_1_119' title='bbox 435 730 493 758; x_wconf 84' lang='lat' dir='ltr'>quod</span> <span class='ocrx_word' id='word_1_120' title='bbox 510 736 537 751; x_wconf 88' lang='lat' dir='ltr'>ex</span> 
     </span>
     <span class='ocr_line' id='line_1_23' title="bbox 59 757 538 786; baseline 0 -7"><span class='ocrx_word' id='word_1_121' title='bbox 59 757 100 779; x_wconf 91' lang='lat' dir='ltr'>hoc</span> <span class='ocrx_word' id='word_1_122' title='bbox 108 758 169 779; x_wconf 83' lang='lat' dir='ltr'>fonte</span> <span class='ocrx_word' id='word_1_123' title='bbox 178 764 222 779; x_wconf 86' lang='lat' dir='ltr'>non</span> <span class='ocrx_word' id='word_1_124' title='bbox 231 761 344 786; x_wconf 82' lang='lat' dir='ltr'>promanet</span> <span class='ocrx_word' id='word_1_125' title='bbox 351 773 357 784; x_wconf 83' lang='lat'>,</span> <span class='ocrx_word' id='word_1_126' title='bbox 367 761 393 779; x_wconf 86' lang='lat' dir='ltr'>ut</span> <span class='ocrx_word' id='word_1_127' title='bbox 400 759 435 786; x_wconf 83' lang='lat' dir='ltr'>qui</span> <span class='ocrx_word' id='word_1_128' title='bbox 446 757 538 779; x_wconf 80' lang='lat' dir='ltr'>recense-</span> 
     </span>
     <span class='ocr_line' id='line_1_24' title="bbox 58 785 537 814; baseline -0.002 -6"><span class='ocrx_word' id='word_1_129' title='bbox 58 793 81 808; x_wconf 88' lang='lat' dir='ltr'>re</span> <span class='ocrx_word' id='word_1_130' title='bbox 90 787 163 808; x_wconf 84' lang='lat' dir='ltr'>omnia</span> <span class='ocrx_word' id='word_1_131' title='bbox 171 786 190 808; x_wconf 72' lang='grc' dir='ltr'>δι</span> <span class='ocrx_word' id='word_1_132' title='bbox 202 785 283 814; x_wconf 74' lang='lat' dir='ltr'>lingula</span> <span class='ocrx_word' id='word_1_133' title='bbox 292 785 355 811; x_wconf 79' lang='lat' dir='ltr'>velit,</span> <span class='ocrx_word' id='word_1_134' title='bbox 364 785 483 808; x_wconf 80' lang='lat' dir='ltr'>universam</span> <span class='ocrx_word' id='word_1_135' title='bbox 492 785 537 808; x_wconf 83' lang='lat' dir='ltr'>fere</span> 
     </span>
     <span class='ocr_line' id='line_1_25' title="bbox 57 812 537 842; baseline 0.002 -8"><span class='ocrx_word' id='word_1_136' title='bbox 57 817 146 839; x_wconf 53' lang='lat' dir='ltr'>tan-2012&lt;</span> <span class='ocrx_word' id='word_1_137' title='bbox 157 813 291 836; x_wconf 79' lang='lat' dir='ltr'>Medicinalis</span> <span class='ocrx_word' id='word_1_138' title='bbox 308 812 480 842; x_wconf 84' lang='lat' dir='ltr'>complexionem</span> <span class='ocrx_word' id='word_1_139' title='bbox 501 821 537 835; x_wconf 85' lang='lat' dir='ltr'>ex-</span> 
     </span>
     <span class='ocr_line' id='line_1_26' title="bbox 57 841 245 865; baseline 0 -1"><span class='ocrx_word' id='word_1_140' title='bbox 57 841 131 865; x_wconf 86' lang='lat' dir='ltr'>hibere</span> <span class='ocrx_word' id='word_1_141' title='bbox 141 845 245 864; x_wconf 82' lang='lat' dir='ltr'>teneatur.</span> 
     </span>
    </p>
   </div>
   <div class='ocr_carea' id='block_1_4' title="bbox 50 898 536 1012">
    <p class='ocr_par' dir='ltr' id='par_1_4' title="bbox 50 898 536 1012">
     <span class='ocr_line' id='line_1_27' title="bbox 84 898 536 927; baseline -0.002 -6"><span class='ocrx_word' id='word_1_142' title='bbox 84 898 167 921; x_wconf 82' lang='lat' dir='ltr'>Omitto</span> <span class='ocrx_word' id='word_1_143' title='bbox 182 898 260 921; x_wconf 81' lang='lat' dir='ltr'>lubens</span> <span class='ocrx_word' id='word_1_144' title='bbox 270 913 277 924; x_wconf 88' lang='lat'>‚</span> <span class='ocrx_word' id='word_1_145' title='bbox 292 904 433 927; x_wconf 80' lang='lat' dir='ltr'>quaecunque</span> <span class='ocrx_word' id='word_1_146' title='bbox 451 899 536 927; x_wconf 73' lang='lat' dir='ltr'>animus</span> 
     </span>
     <span class='ocr_line' id='line_1_28' title="bbox 56 926 536 955; baseline -0.002 -7"><span class='ocrx_word' id='word_1_147' title='bbox 56 933 84 948; x_wconf 83' lang='lat' dir='ltr'>ex</span> <span class='ocrx_word' id='word_1_148' title='bbox 98 926 209 949; x_wconf 63' lang='lat' dir='ltr'>affectione</span> <span class='ocrx_word' id='word_1_149' title='bbox 221 928 315 955; x_wconf 81' lang='lat' dir='ltr'>corporis</span> <span class='ocrx_word' id='word_1_150' title='bbox 324 926 435 953; x_wconf 76' lang='lat' dir='ltr'>laborans,</span> <span class='ocrx_word' id='word_1_151' title='bbox 448 933 536 954; x_wconf 72' lang='lat' dir='ltr'>organo.</span> 
     </span>
     <span class='ocr_line' id='line_1_29' title="bbox 56 954 536 984; baseline 0 -8"><span class='ocrx_word' id='word_1_152' title='bbox 56 961 105 976; x_wconf 91' lang='lat' dir='ltr'>rum</span> <span class='ocrx_word' id='word_1_153' title='bbox 115 956 166 976; x_wconf 82' lang='lat' dir='ltr'>vitio</span> <span class='ocrx_word' id='word_1_154' title='bbox 182 954 309 984; x_wconf 84' lang='lat' dir='ltr'>perplexus,</span> <span class='ocrx_word' id='word_1_155' title='bbox 321 954 458 976; x_wconf 75' lang='lat' dir='ltr'>vehementia</span> <span class='ocrx_word' id='word_1_156' title='bbox 466 959 536 976; x_wconf 81' lang='lat' dir='ltr'>motu-</span> 
     </span>
     <span class='ocr_line' id='line_1_30' title="bbox 50 982 536 1012; baseline 0 -8"><span class='ocrx_word' id='word_1_157' title='bbox 50 989 90 1004; x_wconf 79' lang='lat' dir='ltr'>um</span> <span class='ocrx_word' id='word_1_158' title='bbox 104 983 215 1006; x_wconf 62' lang='lat' dir='ltr'>sewinum</span> <span class='ocrx_word' id='word_1_159' title='bbox 229 984 322 1012; x_wconf 75' lang='lat' dir='ltr'>agitatus</span> <span class='ocrx_word' id='word_1_160' title='bbox 331 999 338 1010; x_wconf 91' lang='lat'>‚</span> <span class='ocrx_word' id='word_1_161' title='bbox 355 982 452 1005; x_wconf 80' lang='lat' dir='ltr'>dolorum</span> <span class='ocrx_word' id='word_1_162' title='bbox 470 990 536 1011; x_wconf 71' lang='lat' dir='ltr'>ango-a</span> 
     </span>
    </p>
   </div>
  </div>
 </body>
</html>
