653 1114
98 110 138 128 122
229 100 395 126 SERMO
425 104 452 126 11.

96 156 145 183 bilis
158 156 229 180 fuerat
245 157 355 180 acidorum
371 157 474 186 cupiditas
483 173 489 185 ‚
503 157 580 181 eodem

67 212 72 216 .
96 185 220 209 declinante
235 187 341 209 minuitur
351 202 357 214 ‚
370 186 501 216 tandemque
515 185 579 216 plane

95 214 194 244 superato
207 216 231 237 in
243 215 355 237 horrorem
370 216 512 242 convertitur,
521 216 580 238 rede-

95 247 152 266 unte
163 242 251 266 fflorum
259 260 266 271 ‚
289 251 343 273 quae
355 247 405 266 ante
417 243 580 273 displicuerant,

96 272 234 302 appetentia:
255 272 316 295 secus
335 273 394 295 enim
408 279 449 295 nec
465 271 579 302 prostratae

96 302 217 330 recuperari
227 302 285 323 vires
298 300 393 330 poffent,
406 308 447 323 nec
457 302 521 330 priori
530 309 580 323 con-

95 330 185 351 trarium
209 330 234 351 in
257 330 383 352 humoribus
402 331 479 352 vitium
497 331 578 352 evitari.

96 358 179 386 Quodsi
186 365 247 381 nunc
257 358 291 381 his
300 358 416 387 adjungere
427 358 506 381 vellem
512 374 518 385 ‚
525 366 579 388 quae

96 385 171 417 paffim
188 387 211 408 in
228 388 395 415 praegnantibus
412 386 453 409 sese
474 386 578 414 efferunt,

96 422 148 438 cum
161 414 244 438 faffidia
255 416 354 438 ciborum
366 419 499 445 potuumque
508 431 514 440 .
532 419 580 438 tum

96 443 204 466 mirabiles
213 444 240 466 ad
251 443 443 473 inconsueta,quin
454 445 474 466 &
482 444 581 466 absurdis-

95 472 149 495 fima
168 472 289 501 ingerenda
298 473 401 501 impetus,
417 472 493 501 quibus
510 474 580 502 perni—

96 500 150 524 ciosa
167 500 279 523 succorum
292 501 423 523 abundantia
434 504 481 523 tuto
496 501 583 524 [eniter-

96 536 140 559 que
151 530 292 552 antevertitur
301 537 307 552 :
320 528 337 551 fi
347 529 452 558 pallentes
463 530 580 558 producere

97 559 129 581 vir
146 558 150 563 ‘
167 565 205 584 es,
233 565 274 580 uae
284 565 334 580 curn
347 558 406 580 acido
418 557 527 585 laborant,
537 562 579 580 ter-

128 599 130 602 ·
150 587 169 608 'a
181 586 221 609 illu
246 586 379 610 absorbentia
392 588 482 609 nimium
494 588 518 608 in
529 586 580 609 deli-

96 616 135 637 ciis
145 614 229 637 habent
243 623 249 637 t
272 614 289 636 fi
303 614 401 643 exempla
419 614 494 637 afferre
511 615 580 636 homi-

96 650 162 669 num,
175 644 212 672 qui
225 643 273 672 post
288 650 338 665 uam
350 643 386 666 diu
399 644 532 673 graviterque
542 643 580 666 dffl

72 695 74 698 Α
98 671 190 694 ficilibus
202 671 267 693 confli
288 673 316 693 ati
327 672 418 699 morbis⁷
427 679 467 693 nec
478 675 578 698 naturae,

98 706 140 722 nec
152 700 202 724 artis
217 699 296 722 auxilio
308 699 396 722 relevari
404 703 531 729 potuerunt,
541 701 580 722 im-

70 739 73 744 *
97 728 182 750 modico
191 728 280 750 tandem
292 728 330 750 usu
341 735 411 750 rerum
421 728 529 757 spontane⁴
544 736 557 750 a

97 757 203 786 petitione
211 756 354 779 vehementer
364 758 524 785 concupitarum
534 735 581 779 fei:

96 784 177 807 eiffime
196 784 248 808 sunt
265 784 347 806 liberati
356 801 362 811 ‚
380 784 453 808 Vestra
466 792 502 807 me
516 785 578 807 citius

95 813 216 864 ἓὲίέεηῒία,
235 819 301 842 quam
318 812 455 835 dicendorum
478 814 577 835 materies

142 845 206 864 ceret-

125 897 202 927 Itaque
213 905 267 921 cum
278 897 339 920 locus
352 896 388 919 iste
401 896 428 919 sic
439 896 486 920 fatis
495 897 530 920 diu
542 904 578 919 me

96 925 228 953 detinuerit,
241 926 264 948 id
277 933 347 948 unum
361 925 452 954 superest
460 941 466 952 ‚
478 929 504 948 ut
517 926 578 947 vobis

100 953 221 982 ostendam,
234 954 406 984 perturbationes
418 954 497 981 animi,
512 960 580 983 quan-
