653 1114
140 103 471 127 ACADEMICUS.
496 94 547 130 >101

67 160 94 182 rit
101 158 225 186 geminum,
237 157 344 179 recentius
354 173 360 184 ‚
370 157 429 187 quod
439 164 488 180 cum
499 160 547 181 teti-

82 193 131 212 ero,
147 192 192 207 non
209 186 271 214 pauci
288 184 388 208 Vestrum
396 201 402 213 ,
417 186 545 215 Audstores,

67 217 74 239 1
95 216 133 237 tim
148 213 323 236 recordabuntur.
356 215 443 237 Amicus
457 215 545 244 quidam

68 249 140 270 meus,
152 242 190 265 Vir
204 243 227 264 in
241 242 280 264 hac
295 242 348 264 urbe
361 241 494 271 honoratus,
513 251 545 266 aa

67 275 126 301 cepto
140 271 214 293 mortis
227 271 329 300 inopinae
340 270 409 294 fratris
423 271 453 294 sui
463 273 544 294 nuncio

81 298 170 322 erculsus
180 315 186 325 ‚
201 306 263 321 curru
277 306 329 321 mox
341 300 445 322 conducto
459 300 544 329 Hagam

66 309 153 351 {emitis
165 327 192 350 ad
205 327 268 350 aedes
278 327 379 350 funebres
391 333 502 357 properat,
513 330 547 351 vi-

66 358 101 379 det
106 356 240 383 defunctum,
250 355 385 384 obstupescit,
395 356 500 384 confidet,
509 357 544 380 de-

66 384 147 411 fatiscit,
160 384 186 406 de
196 383 245 406 sella
254 384 371 413 prolabitur
382 386 499 412 exanimis,
510 392 543 407 ea-

66 414 155 442 demque
172 412 220 435 exse
236 414 318 435 uiarum
329 421 408 442 pompa
420 413 481 436 simul
492 421 544 436 cum

64 442 125 465 fratre
135 441 162 463 ad
175 440 195 463 se
211 448 225 464 u
235 448 294 463 crum
307 445 437 470 exportatur.
466 442 497 464 Us
513 449 542 464 ue

65 470 115 493 adeo
129 448 262 492 contrillatus
279 470 363 492 animus
380 471 401 493 &
416 469 458 493 sese
473 449 542 499 ipt‘iim

65 498 180 524 contrahit,'
189 499 209 520 ἃ
219 498 333 520 humorum
341 498 439 520 vitalium
448 500 543 527 corporis

63 526 92 549 sui
101 526 184 548 fluxum
194 525 309 555 suspendit,
324 530 349 548 ut
357 526 428 548 consto
438 528 461 548 in
472 534 509 548 cor
520 528 541 549 ὅτ,

64 555 175 584 pulmones
189 554 291 582 sanguine
305 554 369 583 ipsius
386 556 442 577 vitae
455 554 542 577 suffocae

63 585 91 605 tio
100 590 163 612 quam
174 582 294 604 subitissime
303 584 420 605 immineat.

90 629 150 656 Quae
162 633 245 655 metus,
257 628 322 655 livor,
335 629 409 651 odium
423 628 538 657 inducunt,

63 657 116 679 mala
125 664 170 679 non
180 657 279 679 absimilia
287 657 364 679 lubens
376 660 497 685 praetere05
510 665 538 680 ne

62 686 132 707 crebra
143 686 268 714 repetitione
279 686 345 708 Vobis
355 685 459 707 stistidium
468 692 540 708 move-

63 721 106 740 arn,
121 718 157 737 aut
173 714 256 742 culpam
270 715 335 736 animi
347 713 375 735 fic
389 714 436 736 satis
450 721 537 742 gravem

63 749 139 771 augere
148 742 202 764 velle
214 742 292 764 videar.

88 781 167 803 Terror
183 779 274 809 superest
284 795 291 806 ,
305 783 404 802 motuum
417 780 481 801 animi
493 783 536 802 tru-

63 808 212 831 culentissimus
223 824 229 834 ,
246 809 305 834 cujus
322 815 370 829 cum
382 807 500 829 occasiones
512 809 536 829 in

63 838 102 859 vita
112 837 220 858 communi
231 843 296 864 prope
307 835 439 857 inevitabiles
452 834 504 862 sint,
515 836 536 858 δι

62 872 159 893 praeceps
172 865 251 888 invafio
264 863 299 886 vel
309 863 493 892 praefentiffimam
504 871 537 885 ra-

62 894 141 915 tionem
150 896 280 919 antevertat;
292 899 338 913 non
346 890 386 918 est,
397 899 433 913 cur
443 892 489 920 quis
498 892 536 912 mi-

62 925 126 947 retur,
136 920 284 949 exemplorum
291 936 297 946 ‚
310 927 364 948 quae
374 919 466 941 funestas
479 918 535 940 illius

39 967 40 972 ,
61 948 217 971 consecutiones
228 948 347 999 εἰεεΙτιι-εὲιιτ,
361 947 425 976 plena
438 945 478 968 else
492 953 536 968 om-
