653 1114
77 90 107 114 ¹4-
209 86 228 108 S
239 86 261 108 E
274 86 293 109 R
307 86 342 109 M
355 88 376 109 Ο
406 88 425 113 1,

72 138 153 192 ἓίιιῶιιε
165 139 190 162 in
205 138 245 162 hac
259 146 283 162 re
299 139 337 162 fibi
351 141 440 171 placent
450 142 543 165 Antores
557 158 564 169 ,

95 168 189 192 versitas.
218 168 254 192 Ne
264 169 330 198 igitur
341 169 480 199 longitudine
489 172 566 193 oran'o-

72 198 108 220 nis
121 197 218 220 taedium
226 197 289 220 vobis
301 206 415 225 moveam,
431 199 496 222 miffis
509 203 565 222 cete-

71 226 114 254 ris,
129 225 157 248 ad
171 233 196 248 ea
209 227 283 255 potius
297 233 333 249 me
348 228 437 250 confero
448 244 454 255 ,
470 235 525 257 quae
540 229 565 250 in

71 258 150 278 mutuo
163 254 202 277 isto
218 257 347 279 commercio
358 255 425 279 ineffe
438 256 529 286 simplex
543 258 564 280 sc

72 287 170 306 accurata
184 286 326 307 oeconomiae
344 285 452 308 humanae
467 289 565 308 contem-

71 311 138 343 platio
156 312 225 335 docet.
254 313 331 336 Nolite
341 317 417 336 tamen
428 314 563 343 exspectm-e,

39 355 43 359 -
71 343 97 365 ut
105 343 205 364 naturam
214 343 261 370 ejus
268 358 275 369 ,
288 346 326 365 aut
334 342 511 369 fundamentum,
520 349 564 372 quo

71 370 168 398 nitatur,
183 374 221 393 aut
235 370 338 399 modum,
353 379 397 401 quo
410 371 498 394 viciffmi
513 372 564 393 iniri

70 398 151 429 poffit,
170 399 239 423 Vobis
258 399 384 423 declarem:
406 400 486 422 horum
504 401 564 422 enim

70 429 172 451 omnium
180 427 236 450 nihil
245 436 258 450 a
267 436 303 451 me
315 429 372 456 sciri,
387 429 443 452 nihil
456 429 550 458 intelligi
557 445 564 457 ,

71 458 168 486 ingenue
182 457 253 480 fateor
264 461 329 487 atque
343 461 417 487 aperte
433 458 497 486 dico3
519 459 564 480 imo

70 485 171 516 cognosci
183 493 208 509 ea
225 486 252 509 ab
266 486 355 509 homine
370 494 469 516 unquam
487 485 545 516 poffe
557 502 564 514 ,

70 516 137 543 etiam
144 514 239 544 despero.
249 516 329 545 Neque
338 518 363 538 ut
372 523 454 538 novam
462 514 564 544 aliquam,

85 551 126 567 uae
141 545 210 573 magis
224 551 267 566 con
309 552 322 566 a
335 544 447 572 videatur,
468 543 566 566 fimiliru-

87 574 145 596 'nem
161 573 266 595 conunini
274 580 323 600 car,
343 572 384 595 hac
399 580 427 595 ue
441 580 564 599 exornem,

71 602 130 631 quod
138 601 245 631 explicare
255 609 301 623 non
312 601 381 624 liceat.
408 600 441 623 ‘tsi
449 603 509 623 enim
515 600 565 623 infi-

71 637 140 660 gnem
150 629 243 659 agnosco
254 628 355 652 similium
363 631 388 652 in
399 630 498 652 docendo
508 628 565 652 utili-

70 661 151 687 tatem3
166 666 214 681 non
225 659 357 681 mediocrem
367 662 444 681 tamen
452 658 563 687 legitimus

71 694 148 711 eorum
162 687 212 710 usus
225 688 314 716 requirit
328 687 484 716 prudentiam3
498 688 531 709 uti
543 688 564 709 &

71 717 225 746 exquirantur,
239 723 295 746 quae
305 717 358 738 vitio
366 719 465 743 careant,
479 716 565 738 &intra

71 745 174 771 modum,
188 752 261 774 neque
272 744 339 772 ultm,
353 752 419 774 quam
429 752 467 774 pat
477 744 518 771 est,
532 751 565 766 ac-

71 773 251 796 commodentur:
265 775 289 796 in
298 775 324 796 iis
334 778 408 796 autem
417 774 495 800 rebus,
508 779 564 802 quae

70 802 95 826 in
108 801 145 825 suo
158 809 240 831 genere
250 803 327 825 unicae
337 802 386 826 sunt
397 803 419 825 ἃ
429 801 548 831 fingulares
557 817 564 828 ‚

71 831 124 862 quid
137 830 228 853 tandem
239 831 292 853 boni
301 831 407 861 praestare
417 834 512 860 queant,
527 834 565 852 aut

70 866 168 889 quonam
180 860 228 888 jure
239 859 312 882 lucum
323 864 461 886 mereantur,
476 865 519 888 ego
527 865 565 880 ne·

71 895 181 918 quaquam
200 888 277 916 videm
300 888 388 918 quando
403 890 453 917 apta
470 888 565 910 inveniri

71 922 118 939 non
127 915 214 946 poffunt
220 933 226 945 ,
235 917 308 946 inepta
316 915 449 939 diffimilium
458 914 565 938 confufio-

71 952 125 968 nem
130 946 229 975 pariunt:
240 945 299 976 quod
305 946 330 971 in
335 945 374 968 ista
380 945 478 968 materie.
488 944 515 964 de
521 945 568 971 qua
