653 1114
152 96 479 121 ACADEMICUS-
506 120 508 122 .
536 105 562 126 39

79 150 135 172 vires
149 148 226 178 absque
236 150 332 173 molestia
347 150 435 178 ferunt,
449 151 562 175 intendere

79 180 117 200 aut
133 178 257 206 protrahere
274 179 363 207 jubeant
376 187 381 201 ι
396 183 443 201 tum
457 187 507 202 vero
521 179 562 203 nist

79 205 164 230 Medica
183 208 292 230 curatione
314 208 402 237 Corpori
425 208 560 237 providetur,

79 234 155 256 oborto
167 234 189 256 id
201 234 305 264 languore
316 239 405 265 torpens
412 252 422 263 7
439 240 476 259 aut
488 236 562 259 dolore

77 263 178 289 flatrum,
188 264 264 287 mediis
276 265 300 287 in
314 265 488 294 occupationibus
499 265 562 288 Men-

72 295 124 314 ·tem
135 291 240 315 destituet.

105 340 129 363 Si
145 342 220 361 tamen
239 340 274 361 cui
288 346 339 361 uam
362 338 432 361 forsan
451 339 559 367 videatur,

78 375 124 390 non
136 368 193 390 tanti
209 366 247 390 ista
262 374 275 390 e
292 374 304 389 e
316 383 322 394 ,
341 370 366 390 ut
378 367 458 391 Medici
472 375 560 397 operam

76 397 204 425 requirant3
222 403 248 417 eo
267 396 325 425 quod
338 395 464 418 abstinentia
478 398 498 418 ἃ
515 397 560 425 qui-

77 428 111 447 ete
119 427 130 452 *,
147 431 213 453 quam
230 425 237 446 i
253 423 274 446 sa
291 424 328 446 fati
344 425 386 446 atio
406 425 426 446 δι
449 424 560 453 aegritudo

76 454 177 482 imperat,
192 452 228 474 sua
253 453 310 475 lenti
319 466 324 474 ‹
340 453 414 475 acritas
427 452 503 482 sponte
513 452 560 486 ple-

75 489 124 503 rum
139 488 167 503 ue
181 480 270 503 redeat:
287 488 337 503 eum
349 481 437 510 quidem
453 480 560 503 memmii:-

75 509 96 532 se
113 514 179 532 eriam
197 512 297 538 oportet,
320 516 413 532 nonnun
429 517 479 531 uam
497 509 559 532 aliter

76 539 180 564 evenire3
202 544 244 559 nec
259 537 359 566 exempla
377 538 416 559 dee
433 545 445 559 e
465 545 557 565 eorum,

76 573 130 596 quos
139 566 212 589 Animi
226 567 389 588 exercitationes
399 566 454 588 ultra
466 566 558 588 modum

74 596 229 620 continuatae,
254 595 282 616 ub
304 594 462 623 neglefflonem
477 595 558 623 Corpu-

73 624 102 645 ris
111 639 117 651 ‚
132 624 162 645 im
175 622 263 644 tandem
277 626 409 644 enervatum:
420 638 426 650 ‚
442 626 466 644 ut
486 622 556 644 retuso

73 651 157 680 prorsus
178 652 276 673 acumine
293 652 317 673 in
334 651 455 673 fatuitatem
469 658 556 680 quoque

73 683 110 702 aut
123 679 233 701 [hilariam
246 680 366 701 inciderint.

99 719 128 741 In
142 717 265 740 universum
283 725 308 740 ea
327 717 357 739 est
374 718 457 740 Mentis
475 718 556 740 Huma-

73 754 114 769 nae
131 747 280 775 operationum
297 749 372 768 natura
384 762 390 772 ,
403 749 428 768 ut
441 746 555 775 pleraeque

73 782 150 796 omnes
163 774 234 803 aliquo
246 774 320 796 saltem
333 775 432 803 Corporis
446 774 556 801 adjumen-

72 807 95 825 to
112 810 166 832 opus
182 802 290 830 habeant;
309 802 352 825 five
364 802 472 831 cogitandi
488 805 555 824 mate-

71 832 126 858 ries,
144 830 187 853 five
201 830 342 853 instrumenta
354 847 360 857 ‚
397 831 472 857 uibus,
496 830 555 858 quod

72 859 138 882 Mens
150 858 197 881 vult
206 875 212 885 ‚
228 858 318 886 efficiat,
336 859 362 880 ab
373 838 410 881 isso
421 858 458 887 sup
474 858 555 880 editen-

71 890 113 910 tur.
143 887 224 914 Quodsi
236 894 287 909 vero
297 894 370 909 earum
384 894 459 909 nonnu
469 886 499 908 las
512 885 555 908 abs-

72 922 115 944 que
136 915 236 944 Corporis
255 914 334 937 auxilio
357 917 421 937 etiam
440 913 487 936 fieri
520 915 554 936 uis

71 944 197 971 asbitretur;
209 943 347 994 certiffimune:
354 946 427 966 tamen
437 941 505 969 est‚&
531 948 554 964 as
